2164 3551
1037 305 1296 349 -130—

394 407 508 449 opus
535 394 699 435 domus
725 391 931 446 ejusdem
958 389 1109 437 castri,
1144 403 1202 432 ex
1231 391 1393 432 eodem
1421 401 1604 431 nemore
1640 389 1697 430 ad
1730 385 1958 429 sufficien-

387 466 498 507 tiam
520 463 713 517 colligat.

445 534 628 590 Bajulus
649 533 784 576 etiam
806 532 1020 587 episcopi,
1051 532 1128 587 qui
1155 532 1355 588 bayliam
1377 533 1431 573 de
1459 531 1618 586 Gijano
1647 528 1856 577 tenuerit,
1881 527 1957 569 fir-

386 606 581 648 mantias
604 605 661 646 ab
684 603 945 645 hominibus
974 603 1190 651 militum,
1232 603 1278 644 in
1308 606 1453 645 castro
1476 602 1547 643 vel
1575 600 1682 643 villa
1706 601 1761 642 de
1795 599 1955 654 GiJano

385 675 787 720 commorantibus,
811 687 924 729 quas
944 674 1131 729 predicti
1154 674 1318 715 milites
1348 674 1391 714 in
1421 687 1559 715 manu
1580 671 1719 727 bajuli
1746 670 1956 713 homines

385 762 490 791 suos
512 747 658 789 facere
689 745 1012 801 prohibebant,
1048 759 1105 787 ex
1132 759 1222 800 quo
1255 747 1311 787 ad
1340 758 1444 786 eum
1476 744 1661 799 querela
1679 741 1952 798 pervenerit,

383 818 639 861 firmantia-S
676 817 887 872 accipiat,
934 819 977 858 et
1023 816 1230 871 negocia,
1274 819 1409 872 prout
1450 815 1639 867 fuerint,
1682 813 1870 856 consilio
1913 815 1957 856 et

387 891 559 933 ratione
581 888 791 931 diffiniat.

443 961 600 1004 Locale
637 960 774 1003 etiam
812 959 944 1008 illud,
983 960 1103 1014 quod
1139 959 1257 1001 infra
1298 961 1474 1014 portam
1521 957 1743 1013 episcopi,
1791 956 1956 999 solario

383 1033 645 1089 proximum
677 1034 759 1079 est,
792 1031 914 1086 quod
943 1033 986 1072 et
1013 1030 1253 1086 episcopus
1280 1031 1650 1086 predecessorem
1677 1041 1812 1071 suum
1837 1027 1958 1086 G[al-

384 1103 585 1161 terium],
616 1105 825 1159 presente
853 1102 1017 1144 Poncio
1052 1102 1289 1156 Rostagni,
1327 1102 1372 1142 in
1412 1114 1520 1157 pace
1549 1101 1753 1156 ejusdem
1781 1100 1956 1142 diucius

383 1175 641 1232 possedisse
663 1175 884 1216 adversus
913 1174 1220 1216 Raiinundum
1244 1173 1378 1228 paulo
1400 1176 1504 1215 ante
1532 1173 1814 1219 concederat,
1840 1171 1957 1227 epis-

384 1261 523 1303 copus
543 1260 624 1288 suo
648 1245 810 1287 dehinc
830 1245 942 1287 illud
963 1245 1060 1300 jure
1081 1245 1296 1287 obtineat.

442 1317 654 1360 Planities
680 1330 800 1363 vero,
833 1330 920 1371 que
947 1316 1161 1357 exteriori
1188 1315 1386 1370 episcopi
1410 1314 1564 1356 domui
1587 1315 1777 1371 adjacet,
1811 1314 1888 1356 ubi
1915 1317 1960 1356 et

383 1393 580 1432 stercora
600 1390 938 1434 coacervantur,
965 1388 1071 1442 quia
1093 1388 1391 1442 Raymundus
1416 1388 1461 1427 P.
1483 1386 1700 1441 Rostagni
1720 1400 1801 1442 pro
1822 1385 1958 1428 leudo

384 1475 466 1503 suo
482 1461 698 1516 probasse
728 1459 1014 1507 monstravit,
1042 1458 1081 1500 ei
1110 1461 1153 1500 et
1174 1458 1304 1500 uxori
1328 1472 1406 1500 sue
1430 1461 1678 1500 remaneat.
1703 1457 1887 1500 Exitum
1915 1461 1960 1500 et

384 1533 639 1588 ingressum
679 1545 760 1586 per
792 1531 999 1572 eamdem
1036 1529 1269 1588 planitiem
1310 1530 1371 1582 (l)
1408 1529 1690 1571 Raimundus
1718 1529 1888 1584 pariter
1914 1532 1959 1572 et

384 1606 435 1648 G.
461 1605 515 1646 de
537 1603 711 1659 Gijano,
737 1603 792 1644 ad
822 1615 1083 1644 mensuram
1112 1601 1362 1643 latitudinis
1390 1601 1525 1643 hostii
1554 1602 1717 1643 domus
1738 1600 1954 1657 episcopi,

385 1690 474 1732 quo
490 1688 609 1717 nunc
628 1674 820 1716 intratur
834 1673 879 1714 in
895 1673 1104 1715 eamdem
1123 1674 1325 1715 domum.
1341 1672 1477 1714 iidem
1491 1673 1554 1727 (2)
1573 1673 1745 1715 domini
1763 1673 1958 1715 liberum

386 1747 598 1802 deinceps
619 1745 900 1801 permittant.

441 1819 575 1860 Facta
638 1820 706 1859 est
763 1816 956 1858 difinitio
1009 1816 1093 1858 ista
1140 1829 1259 1857 anno
1308 1816 1365 1857 ab
1414 1815 1726 1858 Incarnatione
1777 1817 1959 1859 Domini

383 1892 449 1932 ΜΟ
466 1890 518 1932 CO
536 1890 694 1931 XXXV
698 1889 769 1936 110,
801 1888 846 1929 in
874 1888 1101 1943 presentia
1126 1887 1278 1929 Poncii
1302 1887 1528 1935 Lanberti,
1564 1888 1884 1937 archidiaconi,
1916 1891 1961 1931 et

384 1961 503 2004 Petri
531 1962 585 2003 de
606 1959 912 2006 Montelaurm
949 1962 992 2001 ct
1020 1959 1139 2000 Petri
1166 1958 1346 2013 Angeli,
1379 1961 1423 2000 et
1443 1958 1674 2001 Guillelmi
1694 1960 1749 2002 de
1770 1960 1954 2009 Murles,

384 2032 704 2075 canonicorum
724 2047 731 2079 ·,
754 2034 797 2073 et
824 2030 1083 2085 Berengarii
1110 2030 1318 2086 Ayradis,
1351 2034 1394 2072 et
1418 2031 1675 2086 Berengarii
1702 2033 1757 2074 de
1779 2032 1960 2074 Vallau-
2013 2048 2021 2054 ¹

386 2105 512 2152 ches,
554 2106 597 2145 et
630 2102 894 2149 Raimundi,
930 2101 1075 2143 fratris
1110 2101 1228 2156 ejus,
1264 2104 1307 2143 et
1343 2101 1458 2143 Petri
1499 2103 1553 2144 de
1588 2102 1630 2144 la
1663 2103 1884 2153 Veiruna,
1916 2107 1961 2147 et

386 2175 614 2218 Guillelmi
634 2174 817 2229 Lageth,
838 2174 928 2216 etG
939 2173 1125 2215 uillelmi
1149 2174 1337 2215 Sebecli.
1364 2176 1407 2215 et
1426 2173 1655 2216 Guillelmi
1676 2175 1956 2224 Adhemarii,

387 2251 431 2291 et
469 2247 588 2289 Petri
625 2246 675 2288 G.
714 2246 769 2287 de
809 2246 1010 2287 Londras
1048 2245 1266 2288 militum.
1302 2248 1346 2286 et
1381 2245 1610 2287 Guillelmi
1649 2246 1870 2296 Daiberti‚
1916 2251 1961 2290 et

386 2318 539 2362 Poncii
565 2317 766 2365 Martini,
807 2319 850 2359 et
876 2316 1105 2359 Guillelmi
1138 2316 1388 2371 Ranulphi,
1429 2321 1472 2358 et
1499 2317 1728 2360 Guillelmi
1757 2319 1956 2374 Martini,

391 2394 435 2433 et
456 2389 698 2434 Raimundi
720 2390 775 2431 dc
795 2387 1011 2444 Claperiis
1036 2388 1323 2430 villanorum.

883 2536 980 2575 (ch.
1003 2536 1038 2573 B,
1061 2536 1120 2566 sol.
1145 2536 1202 2565 1:57
1224 2540 1257 2565 v⁰
1278 2537 1311 2566 et
1333 2535 1393 2566 209
1414 2541 1461 2574 r·;
1491 2537 1583 2568 edite
1609 2546 1675 2578 par
1695 2538 1875 2577 Germain‚

929 2589 1076 2621 Arnaud
1095 2589 1135 2620 cle
1163 2589 1308 2627 l'era'ale,
1333 2600 1365 2629 p.
1390 2590 1473 2627 188).

439 2785 487 2829 (li
519 2785 644 2821 Cart:
666 2785 862 2830 plantum.

438 2846 485 2881 2
515 2844 643 2881 Cart.:
670 2844 784 2880 idmst.

2159 131 2161 136 λ
2140 108 2159 128 ⁴5

2144 176 2154 186 ι
2139 134 2164 173 5750

2145 1191 2164 1241 w
2131 351 2164 1168 .2=‡.÷*·ffl«mnhmmnfflwmmzffim
2137 301 2158 335 νε
2143 258 2148 262 ’
