2164 3551
1045 284 1309 327 -138—

397 383 588 425 quarum
612 384 702 412 una
720 373 787 411 est
807 370 864 411 ad
888 369 1104 410 Sanctum
1128 370 1385 411 Romanum
1405 370 1622 414 veterem,
1649 380 1706 408 ex
1725 379 1815 407 una
1836 367 1963 420 parte

395 440 593 483 afrontat
620 455 666 483 se
693 454 795 482 cum
825 444 942 482 terra
967 440 1197 490 Beatricis‚
1228 439 1563 494 consanguinee
1586 451 1700 485 mee,
1727 439 1849 478 etex
1876 436 1965 478 alia

395 516 521 567 parte
550 526 651 554 cum
673 516 792 554 terra
821 511 981 567 majori
1012 512 1163 554 Sancti
1186 511 1403 559 Romani3
1435 510 1523 552 alia
1550 512 1618 551 est
1652 509 1813 550 subtus
1841 507 1963 550 viam

395 597 480 638 11110
500 598 526 626 0
552 584 766 638 Melgorio
787 583 913 625 vadit
936 584 993 625 ad
1026 583 1542 639 Montempessulanum,
1575 584 1619 623 et
1639 594 1697 623 ex
1717 593 1809 621 una
1836 581 1963 634 parte

394 657 581 698 adheret
609 655 754 697 vineis
782 655 907 697 Beati
936 655 1072 707 Petri,
1108 658 1151 697 et
1179 669 1235 697 ex
1264 654 1352 697 alia
1377 655 1434 695 ab
1462 653 1693 695 occidente
1715 665 1818 693 cum
1843 653 1963 693 terra

393 727 608 769 Bernardi
626 727 919 769 Gaudalmari
945 741 952 774 ;
985 730 1029 768 et
1052 730 1138 769 tres
1161 726 1460 782 quarteriatas
1482 725 1626 773 vinee,
1660 736 1798 778 supra
1824 722 1964 764 olive-

391 802 499 840 tam·
522 799 671 840 Sancti
713 798 925 847 Romani,
971 801 1015 840 et
1048 801 1203 840 tenent
1236 812 1282 839 se
1316 810 1417 839 cum
1456 796 1600 837 vineis
1635 794 1872 837 Bertranni
1908 795 1963 836 de

391 870 639 925 Melgorio;
685 873 728 911 et
766 869 979 925 quicquid
1020 870 1244 912 habebam
1285 869 1329 910 in
1370 868 1555 910 decimis
1596 866 1781 909 ecclesie
1811 865 1961 908 Sancti

390 941 661 983 Bartolomei
700 942 755 983 de
789 941 1038 983 Alaranieis
1061 941 1144 995 (1),
1184 944 1227 982 et
1262 941 1307 982 in
1350 927 1538 981 *decimis
1578 937 1763 980 ecclesie
1810 938 1961 980 Sancti

389 1013 544 1054 Jacobi
567 1014 621 1055 de
643 1013 875 1068 Melgorio.

452 1085 694 1127 Sciendum
731 1087 799 1126 est
831 1087 984 1126 antem
1015 1085 1159 1139 quod,
1200 1084 1245 1125 in
1280 1082 1550 1138 supradictis
1588 1081 1715 1123 terris
1743 1084 1788 1123 et
1813 1080 1960 1123 vineis

390 1156 574 1198 ecclesie
607 1156 759 1198 Sancti
786 1157 992 1204 Romani,
1028 1156 1198 1198 retineo
1232 1155 1365 1197 michi
1394 1168 1527 1196 usum
1557 1153 1803 1201 fructuum,
1828 1151 1960 1195 vobis

390 1227 586 1281 primum
616 1227 845 1282 assignata
883 1230 927 1269 et
964 1228 1127 1269 tradita
1163 1242 1251 1269 una
1282 1227 1498 1269 eiminata
1529 1226 1583 1267 de
1617 1228 1750 1273 terra,
1787 1227 1837 1266 ut
1856 1227 1961 1280 post

387 1312 536 1340 meam
560 1303 767 1346 mortem,
796 1299 891 1341 sive
913 1300 1107 1341 habeam
1130 1298 1341 1344 infantes,
1363 1298 1458 1339 sive
1481 1311 1586 1345 11011,
1610 1296 1750 1338 libere
1772 1296 1960 1338 redeant

387 1371 444 1411 ad
467 1371 674 1412 eamdem
694 1371 755 1425 (2)
778 1371 1012 1413 ecclesiam
1037 1371 1187 1412 Sancti
1210 1370 1415 1412 Romani.

450 1443 657 1484 preterea
684 1457 764 1497 pro
795 1442 992 1484 remedio
1026 1442 1176 1484 anime
1209 1456 1331 1490 mee,
1365 1441 1401 1483 si
1433 1441 1529 1483 sine
1565 1440 1691 1496 prole
1726 1441 1782 1482 de
1814 1453 1957 1482 uxore

386 1528 487 1555 inea
515 1528 586 1555 1110
615 1514 730 1555 mori
748 1514 1031 1569 contingerit,
1055 1516 1173 1556 dono
1196 1515 1286 1555 Deo
1310 1517 1353 1555 et
1374 1514 1510 1555 Beato
1534 1515 1665 1555 Petro
1687 1512 1733 1554 in
1754 1525 1957 1554 commu-

384 1585 523 1638 niam,
556 1585 665 1627 illud
694 1588 812 1627 stare
846 1587 967 1640 quod
1001 1586 1147 1627 habeo
1179 1586 1224 1626 in
1252 1588 1449 1627 mercato
1483 1586 1536 1627 de
1572 1584 1814 1626 villanova
1843 1597 1955 1625 cum

384 1657 672 1711 pertinenciis
705 1657 814 1709 suis,
851 1658 972 1712 quod
1007 1660 1075 1699 est
1111 1657 1241 1713 juxta
1269 1660 1386 1699 stare
1418 1658 1539 1712 quod
1580 1656 1664 1697 fuit
1704 1655 1871 1711 Ugonis
1899 1656 1954 1698 de

385 1728 579 1770 Castello
608 1743 742 1770 novo.

441 1800 751 1842 Verumetiam
781 1800 1012 1843 sciendum
1043 1804 1110 1843 cst
1133 1801 1334 1856 quodsi,
1371 1800 1415 1841 in
1449 1799 1719 1855 supradictis
1746 1799 1949 1847 decimis,

382 1872 512 1914 terris
545 1872 615 1913 vel
652 1872 797 1914 vineis
833 1886 857 1914 a
893 1872 1067 1915 seniore
1099 1872 1333 1914 occasione
1365 1872 1543 1913 servicii
1574 1871 1658 1927 (3),
1701 1871 1773 1913 vel
1801 1870 1955 1926 aliqua

380 1943 468 1985 0110
511 1944 772 1992 occasione,
813 1945 882 1986 vel
927 1946 984 1986 ah
1033 1945 1197 1986 herede
1240 1944 1312 1985 vel
1351 1945 1569 1986 coherede
1606 1956 1737 1991 meo,
1780 1942 1952 1998 aliquid

380 2016 706 2057 demandatum
730 2015 801 2058 vel
821 2019 1108 2071 amparatum
1138 2016 1182 2057 in
1211 2016 1316 2063 vita,
1344 2016 1415 2057 vel
1436 2018 1539 2071 post
1561 2028 1707 2057 meam
1736 2017 1947 2063 mortem,

380 2087 509 2128 vobis
539 2087 609 2129 vel
641 2087 976 2129 successoribus
1008 2088 1170 2130 vestris
1200 2087 1357 2130 fuerit.
1396 2088 1438 2129 id
1468 2088 1591 2142 quod
1624 2087 1951 2129 demandatum
1988 2104 1990 2106 ’

382 2158 452 2200 vel
469 2162 757 2214 amparatum
780 2159 913 2201 fuerit
934 2159 1261 2201 rationabiliter
1279 2173 1358 2215 per
1375 2162 1547 2201 rectum
1568 2159 1698 2201 vobis
1719 2159 1765 2200 in
1784 2158 1952 2214 judicio

379 2243 538 2285 guerre
562 2230 776 2286 promitto
802 2246 809 2278 ;
841 2232 960 2286 quod
987 2231 1022 2272 si
1052 2231 1195 2273 facere
1225 2231 1406 2273 nollem.
1441 2231 1511 2273 vel
1535 2245 1625 2273 non
1653 2244 1853 2286 possem,
1878 2231 1951 2273 vel

378 2301 509 2343 heres
538 2315 687 2344 meus.
714 2303 785 2344 vel
808 2303 991 2344 coheres
1020 2303 1061 2344 id
1093 2302 1236 2345 facere
1268 2302 1431 2350 nollet,
1465 2303 1536 2344 vel
1568 2317 1658 2345 non
1686 2305 1862 2358 posset,
1893 2304 1950 2346 do

379 2373 510 2415 vobis
545 2373 649 2415 inde
679 2374 878 2416 returnio
915 2375 959 2416 id
996 2376 1117 2430 quod
1159 2376 1303 2417 habeo
1341 2375 1385 2416 in
1424 2375 1567 2417 furnis
1605 2375 1660 2417 de
1689 2374 1945 2435 ViHanova,

379 2458 618 2501 quousque
646 2445 901 2488 eabalment
921 2448 1172 2502 dampnum
1198 2447 1327 2489 vobis
1356 2447 1634 2489 restituatur.

436 2517 525 2559 Hec
559 2518 727 2565 omnia,
765 2518 879 2560 sicut
908 2519 1215 2574 suprascripta
1243 2522 1362 2567 sunt,
1394 2519 1530 2561 laudo
1559 2522 1603 2561 et
1623 2518 1844 2562 confirmo
1867 2533 1950 2575 ego

378 2589 577 2642 Adalaiz,
601 2604 719 2631 uxor
740 2590 943 2645 ejusdem
968 2591 1083 2632 Petri
1112 2592 1166 2632 de
1190 2591 1390 2633 Minulis.

435 2662 504 2703 Ab
545 2662 627 2703 hac
672 2665 822 2704 autem
872 2662 1095 2705 solutione
1142 2666 1185 2705 et
1229 2663 1503 2719 guirpilionc
1556 2677 1638 2719 ego
1691 2664 1850 2707 Petrus
1889 2664 1944 2706 de

422 2842 431 2887 (
464 2842 473 2886 )
502 2843 779 2888 Leyrargues,
804 2842 907 2879 dans
926 2842 965 2879 10
982 2853 1204 2878 commune
1224 2842 1272 2878 de
1296 2843 1518 2890 Mauguio.

439 2842 456 2877 1

426 2901 474 2948 12)
506 2902 632 2938 Cart:
659 2903 843 2938 eandam.

422 2962 472 3008 (3)
503 2962 630 2998 Cart:
655 2963 822 2997 sae‘rz‘is‘ii.

2151 77 2155 82 .
2143 67 2157 72 ἶ
2133 0 2162 61 ⁷&sz*
