2164 3551
431 406 584 447 otonis
612 406 665 446 de
694 404 897 446 Cornone
926 406 970 445 et
1005 404 1233 446 Guillelmi
1274 406 1328 446 de
1366 403 1651 446 Vaillauches
1691 401 1911 448 militum;
1951 402 1995 442 et

430 489 579 518 coram
608 475 821 517 omnibus
848 474 935 516 hiis
963 475 1244 518 Raimundus
1273 474 1558 530 supradictus
1584 486 1751 521 comes,
1781 473 1826 513 in
1853 484 1993 513 manu

430 546 692 589 Gothofredi
723 542 937 601 episcopi.
977 546 1111 588 solvit
1143 549 1187 588 et
1229 546 1446 601 guirpivit
1477 558 1636 587 omnes
1669 542 1992 586 ecclesiasticas

432 617 754 673 possessiones,
781 630 1030 672 omnesque
1052 618 1196 659 malos
1217 617 1412 659 usaticos
1441 619 1484 658 et
1509 616 1715 669 albergas
1743 628 1856 670 quas
1883 613 1996 656 acci-

431 689 582 743 piebat
603 689 646 729 in
663 689 833 730 honore
850 688 1001 730 Sancti
1020 688 1153 735 Petri,
1171 691 1214 730 et
1234 689 1420 743 insuper
1438 686 1606 742 juravit
1621 686 1831 741 episcopo
1847 688 1994 727 totum

430 760 648 801 honorem
669 759 746 814 qui
773 762 869 800 erat
895 760 949 801 de
977 759 1236 801 communia
1264 759 1414 801 Sancti
1442 758 1575 800 Petri.

487 830 661 871 Juravit
687 843 868 885 quoque
902 831 1022 884 quod
1047 843 1280 885 nunquam
1302 830 1447 884 ipsam
1483 828 1790 870 communiam
1821 829 1996 870 destru-

431 903 548 946 eret,
584 901 662 942 sed
683 903 919 947 tutaretur,
958 903 1001 942 et
1027 900 1315 947 defenderet,
1353 903 1397 942 et
1424 900 1621 941 muniret
1646 902 1801 941 contra
1836 912 1994 942 omnes

430 971 653 1019 homines,
674 975 718 1013 et
735 972 946 1027 episcopo
967 972 1176 1027 promisit
1192 972 1413 1014 auxilium
1433 974 1476 1013 et
1493 971 1820 1013 deffensionem
1840 973 1996 1013 contra

433 1057 590 1085 omnes
630 1043 970 1098 impugnatores
1008 1046 1051 1085 et
1084 1043 1342 1091 malivolos,
1373 1046 1417 1085 et
1450 1045 1498 1085 ut
1540 1042 1701 1084 certior
1735 1042 1837 1084 inde
1878 1044 1998 1084 esset

433 1114 623 1169 plenivit
644 1114 683 1156 ei
712 1114 849 1157 fidem
872 1128 1016 1157 suam.

493 1282 659 1324 Eodem
682 1295 863 1337 quoque
884 1295 1028 1329 anno,
1054 1281 1150 1337 ipse
1188 1281 1484 1328 Raimundus,
1526 1280 1670 1322 iturus
1696 1280 1754 1322 ad
1782 1280 1996 1322 Sanctum

432 1354 664 1401 Jacobum,
685 1353 892 1395 similiter
907 1353 1041 1394 solvit
1056 1355 1100 1395 et
1115 1352 1286 1394 dimisit
1304 1353 1394 1394 Deo
1411 1355 1455 1394 et
1473 1352 1637 1394 Sancto
1654 1352 1784 1394 Petro
1805 1351 1999 1394 Ecclesie

434 1424 790 1479 Magalonensis‚
830 1424 875 1465 in
915 1438 1053 1466 manu
1092 1423 1354 1466 Gothofredi
1394 1423 1607 1478 episcopi,
1651 1422 1888 1465 universas
1926 1435 1999 1464 res

435 1496 771 1544 ecclesiasticas,
799 1509 906 1537 vero
934 1498 1145 1537 oretenus
1175 1495 1408 1537 ecclesiam
1442 1494 1593 1537 Sancti
1624 1494 1806 1543 Cosme,
1832 1495 1888 1536 de
1909 1507 2000 1550 qua

435 1570 538 1610 aute
556 1567 925 1609 discordaverant
939 1567 1056 1608 inter
1074 1580 1119 1609 se
1139 1567 1480 1622 B‘Iagalonenses
1497 1565 1642 1608 clerici
1658 1568 1702 1608 et
1717 1565 1999 1608 Anianenses

436 1637 666 1681 monachi.
704 1638 758 1679 de
780 1651 870 1692 qua
896 1637 1083 1679 ecclesia
1101 1637 1192 1692 jam
1219 1637 1467 1692 judicatum
1498 1636 1643 1679 fuerat
1675 1650 1701 1679 a
1730 1637 1995 1685 Bertranno,

435 1709 714 1751 Narbonensi
736 1708 1089 1764 archiepiscopo.
1115 1712 1158 1750 et
1177 1709 1446 1756 Raiilniinlo,
1470 1708 1682 1763 episcopo
1703 1707 2003 1750 Nemausensi

436 1783 479 1822 ct
504 1781 667 1821 abbate
697 1779 848 1821 Sancti
870 1780 1168 1821 Theodofredi
1189 1815 1195 1827 ,
1225 1783 1272 1822 ut
1298 1780 1549 1822 dominium
1575 1781 1694 1835 quod
1718 1780 2002 1822 Anianenses

435 1852 488 1893 dc
513 1864 566 1893 ea
599 1851 762 1907 injuste
792 1854 1077 1906 acceperant,
1117 1852 1392 1894 relaxarent.
1419 1855 1462 1893 et
1489 1855 1686 1900 cartam,
1718 1855 1873 1907 quam‘
1896 1851 2002 1894 inde

435 1923 814 1977 conscripserant,
846 1922 1122 1965 Gothofredo
1150 1923 1360 1978 episcopo
1388 1924 1444 1965 ad
1465 1924 1826 1966 comburendum
1846 1923 2005 1965 redde-

438 1997 551 2043 rent,
583 1996 702 2049 quod
731 1997 775 2036 et
801 1994 1017 2037 fecerunt.

500 2066 621 2108 Hanc
655 2066 789 2122 igitur
831 2065 1063 2108 ecclesiam
1099 2069 1145 2108 et
1170 2079 1329 2108 omnes
1355 2066 1481 2110 alias,
1525 2069 1662 2122 atque
1689 2067 2003 2122 possessiones

439 2137 782 2185 ecclesiasticas,
819 2137 1125 2185 Raimundus,
1165 2151 1316 2180 comes
1351 2137 1681 2193 Melgoriensis‚
1728 2151 1921 2194 pergens
1947 2139 2006 2180 ad

441 2211 655 2251 Sanctum
676 2209 894 2250 Jacobum
917 2208 1048 2260 tertia
1065 2208 1155 2264 jam
1176 2209 1287 2256 vice,
1314 2209 1449 2251 solvit
1469 2212 1513 2251 et
1532 2209 1707 2252 laxavit
1727 2212 1771 2252 et
1789 2210 2007 2266 guirpivit

439 2281 631 2322 Domino
647 2281 738 2322 Deo
756 2283 801 2322 et
821 2282 983 2322 Sancto
1005 2281 1150 2329 Petro,
1174 2283 1216 2323 et
1242 2281 1434 2323 Ecclesie
1452 2281 1776 2337 Magabuensi,
1802 2282 1847 2324 in
1866 2295 2006 2324 manu

441 2351 720 2401 Gothofredi‚
756 2352 959 2407 ejusdem
1001 2352 1192 2394 Ecclesie
1221 2352 1443 2408 episcopi,
1476 2353 1752 2409 devovitque
1780 2367 1827 2396 se
1853 2353 1916 2396 ibi
1948 2355 2005 2397 ad

442 2423 770 2479 sepeliendum,
795 2423 909 2466 sicut
930 2426 1056 2479 pater
1077 2423 1173 2479 ejus
1203 2423 1380 2467 fecerat.

962 2584 1118 2623 ³1³9*ng
1148 2584 1204 2614 fol.
1229 2583 1268 2613 63
1288 2591 1344 2619 v·;
1380 2584 1471 2615 ι’·ιΙίιὸ
1503 2594 1566 2624 par
1597 2585 1779 2618 Get-main.
1814 2586 1903 2617 dans

1007 2637 1148 2668 Arnum!
1167 2637 1206 2668 de
1231 2637 1376 2671 serdale.
1391 2649 1422 2677 p.
1448 2638 1528 2677 1833.
