2164 3551
1053 313 1107 317 -
1141 287 1198 330 40
1229 313 1281 319 .-

393 378 447 418 de
486 373 791 430 parrochianis
822 371 992 427 prefate
1039 371 1222 413 ecclesie
1262 370 1413 412 Sancti
1450 368 1657 411 Damiani
1699 370 1743 409 et
1785 363 1951 406 Lucine

394 446 640 504 [declarare
667 444 720 485 de
745 444 773 484 4
794 442 971 484 eentz'm.
1003 441 1200 499 environ]
1221 457 1229 490 ;
1267 442 1304 483 si
1324 441 1415 497 qui,
1441 441 1643 495 inquam.
1669 435 1869 480 defuncti
1893 436 1952 478 ad

392 517 642 573 predictum
670 513 996 556 monasterium
1027 526 1072 554 se
1101 513 1327 555 voluerint
1353 510 1581 567 deportari
1602 509 1837 551 dimidiam
1864 507 1952 548 ele-

394 587 634 632 mosinaria
661 585 909 641 largitionis
948 598 1100 626 secum
1139 587 1401 639 portantes,
1439 584 1648 638 quartam
1684 582 1860 636 partem
1896 578 1952 620 de

393 660 572 703 residuo
595 657 726 700 nobis
752 658 996 700 donetur...

1384 737 1475 775 1Reg.
1493 736 1532 772 D,
1550 735 1609 766 fol.
1631 734 1693 765 310¹
1711 736 1765 773 το).

447 919 654 967 Foulques
683 919 748 954 fut
777 917 842 953 elu
872 917 978 954 abbe
1008 916 1056 953 de
1087 915 1297 953 Psalniodi
1325 927 1375 952 en
1395 915 1499 958 1097,
1521 918 1562 951 et
1583 916 1753 950 mourut
1774 923 1824 949 en
1846 912 1951 949 1115.

400 979 602 1020 L'accord,
632 978 701 1025 qui
730 988 782 1013 ne
809 979 927 1025 porte
961 987 1120 1013 aucune
1141 975 1257 1018 date,
1281 975 1367 1011 doit
1385 976 1470 1011 etre
1488 974 1568 1010 fixe
1589 976 1705 1010 entre
1724 972 1884 1009 l'annee
1905 970 1955 1007 de

401 1049 475 1073 son
496 1038 668 1074 &lection
692 1040 732 1074 et
752 1037 851 1073 celle
873 1036 920 1072 de
942 1036 979 1072 la
1000 1038 1110 1071 mort
1131 1035 1179 1071 de
1198 1034 1444 1071 Godefroid:
1469 1033 1683 1070 1097-1103.

952 1393 1120 1428 XXVII.
1140 1413 1180 1417 —
1202 1391 1405 1428 1080-1104

473 1532 740 1568 Godefroicl
757 1533 918 1568 donne
934 1542 998 1568 au
1026 1530 1308 1567 monastero
1324 1531 1386 1566 de
1405 1530 1611 1566 Gellone
1630 1528 1812 1576 Peg-lise
1828 1529 1889 1565 de

833 1591 1190 1628 Saint-Martin
1215 1591 1276 1627 de
1301 1590 1539 1627 Londres.

451 1735 514 1771 On
538 1736 739 1771 trouvera
759 1737 823 1771 cet
839 1736 930 1771 acte
950 1734 1045 1782 plus
1065 1733 1149 1770 loin
1168 1739 1225 1775 (n0
1236 1733 1427 1777 XXXIII)
1446 1744 1496 1770 en
1514 1733 1651 1769 meme
1672 1734 1811 1780 temps
1829 1742 1908 1780 que
1923 1731 1964 1768 la

403 1792 691 1831 confirmation
714 1794 814 1831 faite
835 1804 910 1841 par
927 1793 1096 1831 Galtier.

960 2127 1144 2163 XXVIII.
1166 2147 1209 2154 -
1233 2126 1434 2163 1080-1104
1489 2157 1493 2159 .

662 2282 821 2318 vente
837 2281 955 2317 faite
972 2282 1002 2317 a.
1022 2282 1231 2318 Etienne
1251 2282 1311 2318 de
1339 2281 1712 2318 Saint-Marcel.

469 2422 600 2464 Carta
637 2422 910 2464 venditionis
944 2422 1038 2464 sive
1078 2423 1334 2465 donationis
1361 2436 1498 2478 quam
1533 2422 1636 2465 fecit
1667 2421 1894 2464 Mauricus
1927 2421 1972 2462 ct

410 2506 527 2536 uxor
542 2493 660 2535 illius
674 2493 863 2536 Genesin
884 2497 927 2536 et
945 2493 1141 2536 infantes
1157 2494 1389 2536 illorum...
1413 2507 1514 2536 cuni
1531 2493 1717 2536 domino
1739 2492 1972 2548 Stephano

411 2566 466 2607 dc
489 2566 651 2607 Sancto
672 2565 897 2613 Marcello,
928 2565 1004 2621 qui
1026 2566 1371 2620 cognominatur
1390 2565 1633 2607 Caldcci‘ia.
1673 2564 1797 2607 Facit
1816 2563 1974 2606 vendi-

414 2637 643 2679 cionem...
676 2636 868 2678 Domino
902 2639 945 2679 ct
973 2637 1138 2679 Sancto
1167 2638 1370 2679 Romano
1399 2637 1694 2679 monasterio.
1729 2638 1774 2678 et
1810 2635 1974 2678 Sancto

413 2707 636 2756 Marcello,
686 2711 730 2749 ct,
769 2708 932 2750 Sancto
979 2708 1187 2755 Mai-tino,
1237 2711 1281 2750 el.
1327 2709 1556 2764 Stephano
1608 2707 1882 2763 supradicto,
1930 2709 1977 2749 et

416 2779 629 2821 omnibus
669 2779 903 2822 monachis
942 2781 996 2821 dc.
1033 2780 1204 2821 decima
1247 2781 1300 2821 dc
1341 2793 1501 2835 campo
1526 2779 1720 2835 judaico,
1751 2781 1974 2835 quantum

415 2851 509 2906 ipse
533 2851 670 2893 habet
695 2850 740 2891 in
771 2851 922 2892 fevum
953 2851 1012 2892 ibi
1040 2865 1121 2906 per
1156 2851 1350 2893 Aldcbci·
1385 2864 1487 2893 cuin
1510 2850 1789 2898 donimaisa;
1828 2852 1974 2892 totum

416 2925 459 2965 ct
500 2922 557 2964 ab
593 2922 766 2977 inlegro
812 2921 1015 2964 funditus
1052 2922 1258 2963 vvndil...
1302 2936 1402 2964 vum
1448 2923 1662 2965 mandato
1701 2924 1745 2964 et
1787 2920 1975 2965 consilio
