2100 3583
0 216 16 361 «ΓΡ-ντε-
0 182 9 206 -η

797 306 1061 349 —175—

143 379 315 432 femina
333 389 432 446 jure
452 388 786 432 deffendamus.
820 389 867 432 Si
887 403 995 432 vero
1021 391 1193 446 aliquid
1214 391 1319 434 inde
1345 404 1373 433 a
1400 394 1443 434 te
1463 391 1537 434 vel
1563 404 1590 433 a
1617 404 1716 433 suc—

141 461 398 504 cessoribus
430 461 520 504 tuis
547 474 628 517 per
662 474 746 503 nos
774 461 846 503 vel
875 475 954 517 per
984 465 1162 504 nostros
1189 463 1393 505 ablatum
1420 463 1494 505 vel
1514 463 1710 505 evictum

140 531 291 585 fuerit,
317 535 464 575 totum
484 532 565 574 tibi
587 534 632 574 et
658 533 994 574 successoribus
1024 533 1111 575 tuis
1131 534 1229 589 jure
1257 535 1302 575 in
1330 534 1554 590 integrum
1584 534 1712 577 resti-

139 606 348 652 tuemus;
387 604 509 660 quod
548 603 635 646 nisi
664 603 932 652 faceremus,
967 606 1129 646 damus
1158 605 1259 647 inde
1300 606 1379 647 tibi
1406 609 1451 648 et
1484 619 1709 648 successo-

138 674 265 718 ribus
310 674 399 718 tuis
443 688 701 730 regressum
741 688 877 730 super
909 688 1068 718 omnes
1107 690 1177 718 res
1221 680 1399 719 nostras
1436 677 1628 720 mobiles
1667 681 1711 720 et

138 746 397 790 immobiles
424 746 700 802 ubicumque
723 746 828 789 sint.

196 817 251 861 Et
281 817 470 874 insuper
488 831 572 873 ego
601 818 899 870 maimundus,
931 821 975 861 et
1001 819 1157 870 Maria,
1201 833 1329 862 soror
1361 820 1473 875 ejus,
1503 820 1709 876 juramus

137 902 277 946 super
300 892 499 946 quatuor
523 889 603 932 Dei
631 889 890 946 evangelia,
916 892 1038 945 quod
1066 894 1223 933 contra
1251 892 1365 934 hanc
1394 892 1707 935 vendicionem

136 960 388 1017 predictam
414 974 507 1004 non
534 961 792 1014 veniamus,
832 975 913 1004 nec
944 962 1102 1010 homo,
1145 976 1225 1004 nec
1253 962 1439 1012 femina,
1485 967 1595 1015 arte,
1637 964 1707 1006 vel

135 1031 325 1076 consilio
351 1035 524 1082 nostro,
550 1033 629 1075 sed
657 1046 758 1075 eam
794 1032 973 1075 firmam
1002 1035 1046 1075 et
1073 1036 1217 1076 ratam
1249 1034 1586 1091 imperpetuum
1614 1043 1710 1078 ma-

137 1115 245 1147 nere
271 1103 501 1147 volumus.

194 1175 367 1218 Horum
409 1175 615 1218 omnium
658 1176 1070 1232 suprascriptorum
1110 1180 1216 1219 sunt
1261 1180 1398 1220 testes
1424 1193 1431 1219 :
1478 1178 1708 1221 Johannes

133 1247 258 1304 prior
285 1247 438 1290 Sancti
466 1247 668 1299 Fir-mini,
692 1248 948 1290 Bernardus
976 1249 1032 1290 de
1060 1248 1300 1303 Figaireto,
1332 1250 1588 1292 Bernardus
1610 1250 1707 1292 Rai-

134 1317 271 1366 naldi,
309 1318 679 1369 Ferracanerius‚
713 1319 915 1362 canonici
948 1320 1318 1375 Magalonenses,
1355 1321 1624 1364 Guillelmus
1652 1323 1706 1365 de

135 1390 302 1434 Sancto
340 1383 506 1439 Paulo,
548 1391 822 1434 Gaucelmus
861 1392 915 1433 de
959 1391 1160 1439 Clareto,
1204 1393 1363 1435 Petrus
1401 1393 1704 1446 Vinifranchi,

133 1461 435 1518 Berengarius
461 1463 517 1506 de
544 1462 696 1512 Virac,
726 1462 996 1506 Guillelmus
1024 1464 1078 1506 de
1108 1464 1272 1506 Sancto
1298 1465 1514 1513 Genesim
1548 1466 1706 1508 Petrus

133 1533 380 1584 Benedicti,
403 1534 687 1578 Raimundus
707 1534 985 1579 Desinarius,
1010 1538 1055 1577 et
1076 1535 1294 1578 silvester
1310 1536 1388 1591 qui
1405 1537 1488 1579 hec
1508 1537 1698 1593 scripsit.

192 1606 354 1650 Adhuc
373 1606 609 1650 sciendum
630 1609 713 1655 est,
738 1607 859 1663 quod
881 1608 936 1649 de
957 1607 1138 1650 datione
1160 1607 1234 1650 illa
1254 1621 1391 1663 quam
1413 1608 1699 1658 Guillehnus,

130 1677 346 1721 dominus
374 1678 798 1734 Montispessulani,
840 1678 943 1721 [ecit
977 1680 1106 1721 Pet-ro
1140 1679 1344 1721 Gitbcrto
1377 1681 1432 1722 de
1467 1680 1698 1732 Meleon-io.

129 1749 267 1793 nichil
292 1749 398 1793 inde
417 1749 499 1793 tihi
525 1749 768 1793 defendere
789 1750 1026 1793 debemus.

1105 1865 1200 1904 (Κεὶς.
1222 1865 1256 1901 Ε,
1281 1865 1337 1896 fol.
1364 1865 1416 1896 141
1437 1871 1494 1903 W).

577 2211 801 2248 LXXXIX.
828 2233 872 2236 —
901 2212 1139 2248 Novembre
1163 2213 1254 2249 1154

124 2342 463 2390 Anquisitions
482 2342 628 2379 faites
645 2353 737 2389 par
759 2342 976 2390 Peveque
996 2345 1245 2381 Raimond
1263 2345 1293 2381 ὲ.
1314 2346 1695 2392 Montpellieret.

185 2471 237 2514 In
256 2470 440 2514 nomine
462 2469 654 2514 Domini.
685 2474 816 2514 Anno
832 2471 1035 2527 ejusdem
1059 2472 1384 2515 Incarnationis
1405 2473 1465 2515 Μο
1478 2474 1526 2516 C⁰
1540 2474 1694 2521 L111110,

54 2536 61 2558 ²
125 2555 284 2586 mense
319 2533 604 2591 n5vembris‚
636 2555 741 2598 ego,
777 2544 935 2586 Petrus
972 2544 1252 2600 Adfliguerii.
1287 2548 1331 2587 et
1357 2558 1462 2600 ego,
1494 2546 1699 2589 Morlana

56 2616 75 2654 ,⁴
125 2614 224 2672 ejus
249 2627 382 2663 uxor,
412 2616 458 2657 et
481 2627 565 2670 ego
593 2615 768 2661 Petrus,
795 2628 951 2657 eorum
983 2615 1118 2663 filius,
1152 2629 1233 2658 nos
1260 2630 1494 2662 omnes...
1518 2621 1563 2660 et
1590 2619 1697 2674 quia

124 2685 259 2730 nobis
285 2685 635 2729 valde'necesse
663 2689 751 2733 est,
791 2687 1088 2729 vendimus...
1122 2687 1200 2730 tibi
1244 2686 1548 2747 lz[ai1nund0],
1582 2690 1697 2746 epis-

123 2770 239 2815 copo
276 2757 608 2814 Magalonensi‚
659 2761 703 2800 et
742 2758 1079 2800 successoribus
1120 2759 1207 2801 tuis
1248 2762 1289 2801 et
1332 2759 1697 2817 quibuscumque

75 2848 83 2854 ⁴
123 2828 351 2874 dimiseris
375 2829 434 2872 ad
460 2842 621 2873 omnes
643 2829 904 2873 voluntates
934 2833 1033 2873 tuas
1056 2830 1152 2873 sine
1175 2830 1298 2873 omni
1323 2834 1498 2878 nostra.
1525 2836 1701 2875 nostro-

122 2912 319 2958 rumque
353 2900 692 2957 inquietudine‚
731 2901 898 2944 scilicet
929 2905 1073 2944 totum
1102 2902 1207 2945 hoc.
1246 2902 1458 2959 quicquid
1489 2903 1566 2951 sit,
1597 2918 1698 2946 cum

127 2971 255 3016 omni
291 2971 392 3030 jure
430 2975 587 3017 nostro
626 2974 750 3030 quod
788 2973 1034 3023 habemus,
1081 2977 1126 3017 et
1164 2974 1330 3018 habere
1369 2974 1614 3029 debemus,
1656 2976 1699 3018 in

75 3059 80 3062 ‚
102 3038 129 3057 X
