2100 3583
0 0 23 232 „w

823 330 991 374 —301
1030 358 1082 362 ——

177 415 392 454 notum...
423 413 545 467 quod
574 426 656 468 ego
683 413 995 468 Rayinundus.
1023 428 1174 456 comes
1196 414 1371 457 Tolosc.
1396 416 1490 457 dux
1512 416 1737 466 Narbone,

174 483 375 524 marchio
399 483 658 525 provincie.
690 486 733 525 ct
767 497 919 525 comcs
947 485 1331 540 M‹.·lg‹‘›ricnsis....
1358 486 1554 528 concedo
1578 486 1743 541 imper-

172 556 362 608 petuum
385 554 577 596 Domino
600 555 707 596 Deo.
733 557 777 595 ct
813 555 958 596 beatis
994 556 1212 610 apostolis
1236 557 1366 598 l'ctro
1387 560 1431 598 et
1452 556 1588 599 Paulo
1611 557 1741 599 Sedis

175 624 436 679 Magalone,
481 627 525 666 et
562 624 646 666 tibi
684 625 959 668 Fulcranno.
1007 626 1211 681 ejusdcm
1258 627 1449 670 Ecclesie
1492 628 1738 683 preposito,

175 695 358 751 tuisque
386 695 746 738 successoribus.
779 700 821 738 et
848 697 1074 739 universis
1102 698 1328 740 cansmicis
1350 698 1517 740 ibidem
1540 699 1743 754 degenti-

176 766 283 815 bus,
327 767 615 822 presentibus
651 770 694 808 et
731 767 914 810 futuris.
949 768 1154 810 viclelicct
1184 772 1324 811 totam
1352 770 1574 811 decimam
1616 770 1738 820 salis,

176 851 265 895 que
291 838 502 894 pertinet,
539 841 584 880 et
617 837 840 893 pertinere
869 839 1023 882 debet.
1054 843 1190 895 atque.
1218 841 1415 884 (hebebit.
1447 842 1501 883 de
1529 841 1743 884 omnibus

173 909 264 952 illis
284 909 441 952 salinis
456 923 544 964 que
566 912 686 953 sunt.
705 913 749 952 et
771 924 971 965 unquam
991 915 1139 955 erunt.
1163 912 1278 953 inter
1302 925 1424 954 mare
1445 916 1489 954 ct
1510 916 1739 966 stagnum,

173 981 221 1023 in
243 980 341 1024 loeo
361 981 439 1036 qui
458 980 622 1022 dicitur
649 981 886 1023 l’orchcria
909 982 988 1031 (l).
1015 985 1056 1024 et
1079 983 1137 1023 ab
1159 996 1211 1023 οι»
1235 983 1330 1024 loco
1352 997 1493 1038 usquc
1515 984 1571 1025 ad
1594 984 1745 1039 Maga-

172 1052 344 1095 Ionam.

234 1124 300 1166 lta
335 1123 466 1166 vobis
495 1124 692 1166 concedo
728 1127 772 1166 et
807 1125 1079 1180 desamparo
1114 1125 1247 1180 hujus
1277 1126 1521 1181 prescripto
1549 1126 1744 1168 decima-

173 1194 317 1238 cionis
348 1197 626 1250 proventus.
657 1195 754 1250 jure
783 1199 1002 1251 perpetuo
1040 1196 1394 1238 irrevocabiliter
1416 1197 1677 1239 habendum
1700 1201 1745 1240 et

173 1265 519 1323 possidendum,
547 1265 665 1308 infra
686 1266 910 1322 predictos
933 1267 1224 1310 terminos....
1258 1268 1319 1310 ita
1341 1271 1491 1310 tamen
1515 1270 1635 1324 quod
1659 1282 1742 1324 ego

172 1337 373 1394 primum
402 1327 596 1380 habeam
618 1338 721 1380 inde
743 1342 956 1394 quartum
980 1339 1115 1381 michi
1146 1339 1505 1394 provenientem.
1537 1344 1581 1382 et
1607 1354 1742 1382 omne

171 1409 297 1452 aliud
323 1409 549 1452 usaticum
578 1423 760 1454 meum.
792 1424 872 1452 nec
900 1410 1010 1451 illud
1038 1411 1095 1452 ad
1124 1411 1346 1452 decimam
1375 1414 1678 1466 computetur.

231 1479 358 1524 Hanc
388 1481 667 1524 solucionem
707 1484 750 1523 ct
785 1481 1114 1537 guirpicionem
1158 1482 1439 1524 irrevocabili
1485 1486 1588 1524 voto
1631 1483 1744 1525 facio

169 1565 255 1608 ego
282 1551 588 1600 Raimundus,
620 1553 850 1608 predictus
884 1566 1038 1595 comcs
1066 1554 1120 1595 (le
1155 1553 1387 1607 Mclgorio.
1421 1553 1738 1608 plenissime...

170 1623 268 1673 tibi,
290 1623 506 1680 jamdicto
527 1624 780 1666 Fulcranno
810 1625 1058 1680 preposito,
1093 1628 1137 1667 ct
1163 1625 1376 1666 omnibns·
1405 1626 1742 1668 successoribus

171 1695 263 1738 tuis
280 1730 290 1744 ‚
324 1698 369 1738 et
394 1695 609 1739 omnibus
636 1696 865 1738 canonicis
891 1696 1226 1751 Magaloncnsis
1255 1696 1462 1741 Ecclesie.
1494 1697 1571 1752 qui
1606 1699 1742 1739 modo

171 1766 236 1810 ibi
263 1769 370 1810 sunt
395 1770 440 1810 et
467 1767 545 1823 qui
580 1768 758 1810 venturi
787 1771 916 1810 sunt.
949 1768 1063 1809 sicut
1091 1768 1301 1823 superius
1328 1768 1607 1810 continetur.
1645 1772 1687 1810 ct
1716 1782 1742 1811 a

171 1838 304 1882 vobis
323 1838 514 1895 intelligi
534 1839 607 1882 vel
627 1838 873 1895 excogitari
894 1842 1064 1895 potcst;
1090 1853 1168 1881 ncc
1188 1839 1249 1893 (2)
1271 1843 1426 1881 contra
1456 1840 1561 1883 hoc.
1590 1840 1742 1895 aliqua

171 1909 363 1959 ratione,
395 1910 467 1953 vel
493 1910 760 1967 exceptione
790 1911 926 1954 michi
952 1911 1249 1966 competenti.
1292 1912 1425 1953 modo
1464 1911 1533 1953 vel
1576 1911 1744 1967 impos-

171 1984 336 2030 terum,
360 1982 516 2038 aliquo
536 1983 685 2031 modo,
714 1982 895 2025 veniam
918 1996 998 2025 nec
1028 1983 1180 2025 venire
1205 1983 1452 2038 temptabo,
1486 1996 1564 2024 ncc
1586 1983 1738 2026 homo.

169 2065 254 2096 nec
281 2052 471 2103 femina,
502 2056 620 2102 arte,
652 2053 722 2096 vel
749 2054 959 2097 consilio.
988 2054 1057 2095 vcl
1087 2053 1266 2109 ingenio
1296 2067 1419 2096 mco:
1451 2057 1493 2095 ct
1527 2054 1563 2095 si
1590 2053 1742 2109 aliqua

171 2124 347 2168 ratione
373 2125 445 2168 vel
469 2125 741 2181 exoepcione
763 2129 919 2168 contra
943 2126 1025 2168 hoc
1048 2139 1118 2167 mc
1142 2126 1276 2166 modo
1302 2125 1414 2166 tucri
1434 2138 1644 2180 possum.
1672 2125 1740 2167 vel

170 2197 447 2253 quandoque
489 2197 536 2239 in
574 2200 809 2253 posterum
845 2211 1052 2253 possem.
1096 2197 1156 2238 illi
1199 2197 1357 2238 rationi
1399 2200 1441 2239 et
1480 2197 1740 2252 excepcioni

171 2267 354 2324 penitus
379 2268 685 2317 abrenuncio;
716 2272 760 2311 et
789 2269 872 2311 hoe
895 2272 1040 2311 totum
1067 2271 1238 2311 ratum.
1270 2271 1312 2310 ct
1344 2269 1438 2310 sinc
1469 2269 1559 2310 ulla
1582 2272 1742 2310 retrac-

171 2339 343 2382 tatione
372 2339 555 2382 firmum
577 2343 621 2383 et
641 2340 888 2385 illibatum.
927 2340 1144 2396 perhenni
1182 2340 1424 2382 stabilitate·
1454 2353 1736 2381 mansurum.

173 2411 338 2454 tenebo
364 2410 557 2454 firmiter
582 2415 626 2454 et
652 2413 923 2454 observabo.
976 2412 1048 2454 Sic
1087 2412 1206 2453 Deus
1250 2425 1320 2453 me
1359 2411 1543 2466 adjuvet
1581 2414 1625 2452 et
1661 2411 1740 2453 hec

172 2485 337 2528 sancta,
349 2483 430 2526 Dei
450 2483 703 2539 evangelia.

230 2553 285 2596 Et
308 2567 393 2610 ego
417 2553 721 2598 Fulcrannus.
752 2553 945 2597 Ecclesie
973 2553 1306 2609 Magaloncnsis
1334 2553 1612 2609 prepositus.
1637 2566 1742 2595 con-

172 2623 274 2668 silio
298 2628 346 2668 et
380 2625 648 2669 auctoritate
681 2626 854 2669 domini
890 2626 1126 2673 Johannis,
1169 2625 1366 2680 episcopi
1407 2623 1740 2680 Magalonensis

170 2695 381 2747 Ecclesie‚
400 2700 446 2740 et
460 2710 654 2740 assensu
671 2701 716 2740 et
735 2698 923 2740 consilio
948 2698 1089 2740 tocius
1108 2696 1306 2752 capituli.
1328 2710 1407 2751 per
1427 2709 1498 2737 mc
1520 2698 1563 2738 et
1581 2709 1739 2737 omncs

220 2880 270 2929 (1)
297 2881 571 2930 Porquieres:
592 2893 666 2919 sur
683 2882 720 2919 le
739 2883 825 2924 Lez,
846 2885 962 2918 entre
983 2881 1138 2925 l'ctang
1155 2886 1195 2917 ct
1218 2880 1255 2916 la
1276 2891 1376 2916 mer.
1399 2881 1453 2916 La
1469 2879 1667 2915 ‹tonatinn
1690 2878 1739 2914 ‹le

172 2940 381 2979 Raimond
401 2942 435 2976 V
453 2940 597 2979 devait
615 2940 822 2979 s'etendre
843 2941 892 2978 de
915 2940 1095 2978 Palm-as
1118 2944 1141 2976 a
1166 2939 1429 2983 Magne—lone.

220 2998 272 3048 (2)
300 3000 429 3038 Cart.:
451 3012 512 3038 ne.
