2100 3583
796 315 1061 358 —179—

210 399 380 456 Siquis
406 401 651 442 extraneus
684 398 939 441 vendiderit.
970 401 1223 441 saumatam
1255 411 1444 449 nucum,
1468 395 1714 452 amigdala-

153 485 278 524 rum,
309 474 644 517 castanearum,
680 470 902 525 pirorum,
933 473 977 511 et
1004 483 1276 525 prunorum,
1309 472 1352 512 et
1378 481 1641 524 pomorum,
1673 471 1716 509 et

153 543 425 591 omniorum,
451 545 673 598 quantum
695 541 850 597 pugilli
875 555 1033 597 capere
1055 544 1260 596 possunt,
1288 554 1368 596 pro
1389 540 1523 582 ledda
1543 539 1679 581 dabit.

1017 649 1113 688 (Κεὶς.
1138 651 1177 685 A,
1200 649 1258 679 fol.
1281 649 1315 678 21
1333 655 1369 677 v⁰
1388 649 1421 678 et
1442 647 1481 679 :32
1496 652 1547 684 τ’).

719 959 823 995 XCl.
851 981 892 985 —
914 960 1031 996 Avril
1058 962 1146 996 1155,

147 1091 284 1144 Ai'tia
317 1109 367 1144 et
406 1117 498 1144 son
529 1109 670 1152 mari,
698 1107 977 1144 Guillaume
1007 1108 1237 1153 Gar-nior,
1265 1109 1478 1145 vendent
1505 1110 1616 1145 tous
1644 1109 1717 1144 les

344 1167 501 1204 droits
527 1167 667 1213 qu'ils
694 1169 779 1203 ont
805 1178 892 1203 sur
918 1169 963 1204 le
995 1168 1106 1204 four
1132 1169 1191 1204 de
1218 1169 1520 1205 villeneuve.

206 1287 256 1330 In
283 1286 469 1330 nomine
499 1287 695 1330 Domini.
728 1289 860 1330 Anno
893 1289 1216 1331 Incarnationis
1244 1289 1447 1344 ejusdem
1479 1287 1717 1329 millesimo

147 1357 300 1408 CLV⁰‚
341 1371 497 1402 mense
533 1359 712 1415 aprilis,
749 1372 832 1415 ego
867 1360 1006 1411 Aitia,
1049 1360 1143 1403 filia
1176 1362 1366 1402 condam
1398 1359 1627 1401 Guillclmi
1663 1360 1717 1401 dc

146 1430 380 1487 Melgorio‚
418 1433 464 1474 et
487 1430 758 1474 Guillelmus
790 1431 1058 1479 Garnerius,
1097 1432 1285 1474 maritus
1313 1432 1425 1487 ejus.
1459 1445 1540 1473 nos
1569 1431 1716 1487 provi-

145 1502 297 1546 dendo
324 1502 507 1545 utilitati
540 1502 586 1544 in
615 1505 672 1551 te,
707 1506 751 1545 et
780 1503 826 1544 in
855 1504 1017 1546 melius
1044 1505 1099 1546 ad
1128 1518 1243 1559 opus
1274 1507 1317 1545 ct
1345 1504 1587 1545 comodum
1617 1517 1719 1545 uos-

146 1576 268 1617 trum
302 1575 645 1617 comutando...
686 1574 929 1618 vendimus
956 1578 1060 1618 et...
1107 1575 1150 1616 in
1189 1578 1457 1630 perpetuum
1496 1574 1718 1617 tradimus

148 1645 245 1695 tihi,
276 1646 408 1688 Petro
428 1646 485 1688 de
504 1645 717 1702 Nemptis
739 1648 783 1688 et
804 1646 893 1689 tuis
911 1647 968 1688 ad
990 1648 1297 1690 vendendum,
1322 1648 1540 1693 (landum,
1573 1649 1616 1688 et
1638 1646 1720 1687 im-

147 1716 498 1774 pignorandum‚
518 1730 598 1760 seu
614 1717 818 1773 quolibet
835 1720 970 1761 modo
991 1718 1298 1765 alienandum,
1319 1721 1363 1759 et
1383 1719 1437 1760 ad
1463 1717 1717 1760 faciendum

147 1789 352 1846 plenarie
388 1802 549 1832 omnes
588 1789 848 1833 voluntates
890 1793 1013 1842 tuas,
1065 1793 1242 1832 sextam
1287 1790 1497 1832 videlicet
1543 1792 1717 1844 partem

147 1860 288 1904 totius
314 1861 436 1904 furni
465 1862 521 1904 de
539 1861 782 1904 Villanova.
808 1875 908 1904 cum
940 1862 1123 1904 usaticis
1154 1865 1199 1904 et
1226 1861 1420 1903 servitiis
1441 1863 1485 1903 et
1506 1860 1720 1902 omnihus

147 1933 206 1976 ad
232 1933 349 1976 hanc
369 1935 547 1976 sextam
567 1936 743 1989 partem
768 1934 885 1976 furni
908 1933 1254 1989 pertinentibus,
1280 1936 1324 1975 et
1341 1933 1482 1975 eciam
1504 1931 1717 1987 quicquid

146 2003 259 2062 juris
284 2004 534 2056 habemus,
571 2005 644 2047 vel
677 2005 844 2048 habere
871 2006 1114 2053 debemus,
1146 2005 1190 2046 iu
1219 2007 1313 2046 toto
1344 2003 1559 2060 jamdicto
1588 2002 1719 2045 furno

148 2088 252 2119 cum
274 2075 369 2119 suis
395 2076 681 2132 pertinentiis
709 2078 764 2119 de
790 2077 909 2119 Villa
935 2077 1076 2119 Nova.

205 2147 272 2191 Ob
305 2147 423 2191 hanc
454 2148 607 2204 itaque
640 2148 957 2191 vendicionem
984 2148 1187 2204 jamdicti
1214 2147 1349 2193 furni,
1381 2150 1424 2189 et
1444 2146 1583 2189 totius
1608 2146 1720 2202 juris

145 2219 290 2263 nostri
321 2221 445 2276 quod
476 2220 523 2262 in
555 2220 642 2263 hoc
676 2220 809 2263 furno
837 2221 1082 2268 habemus
1115 2219 1359 2262 habuimus
1393 2232 1419 2261 a
1442 2222 1482 2260 tc
1512 2219 1642 2260 Petro
1664 2218 1719 2260 de

145 2291 352 2348 Nemptis
365 2291 428 2348 (1)
449 2291 586 2335 CCCL
607 2292 781 2335 solidos
802 2292 1140 2348 Melgorienses,
1167 2292 1227 2333 ita
1249 2291 1371 2346 quod
1393 2292 1448 2332 de
1471 2290 1553 2332 hoc
1576 2289 1719 2345 pretio

144 2362 283 2406 nichil
314 2363 535 2406 remansit
560 2377 702 2420 penes
738 2367 779 2406 te
812 2364 857 2406 iu
890 2364 1072 2412 dehito;
1115 2367 1156 2405 ct
1189 2363 1224 2405 si
1253 2362 1360 2417 quid
1403 2361 1600 2417 amplius
1636 2360 1720 2402 hoc

146 2434 291 2491 pretio
314 2435 437 2478 valet
462 2437 582 2492 quod
607 2435 652 2478 in
675 2437 876 2492 predicto
907 2436 1037 2478 furno
1062 2436 1300 2477 habemus.
1340 2433 1447 2475 illud
1471 2433 1552 2475 tibi
1581 2434 1720 2475 dona·

145 2517 265 2555 mus,
289 2508 336 2550 et
355 2505 403 2548 in
422 2509 465 2550 te
489 2506 562 2563 jus
584 2511 792 2550 nostrum
816 2510 960 2550 totum
985 2506 1316 2549 transferimus.

204 2577 259 2622 Et
277 2591 376 2635 egO‚
401 2578 671 2622 Guillelmus
692 2579 952 2624 Garnerius,
980 2579 1195 2634 promitto
1218 2581 1354 2633 atquc
1378 2575 1598 2618 convenio
1620 2575 1716 2622 tibi,

144 2649 277 2693 Petro
298 2650 354 2693 de
374 2649 580 2706 Nemptis
598 2651 678 2707 (2),
710 2653 830 2707 quod
855 2651 890 2692 si
915 2651 1047 2697 Aitia.
1076 2664 1191 2691 uxor
1214 2662 1330 2691 mca.
1359 2647 1428 2689 vel
1451 2647 1548 2703 ejus
1571 2647 1717 2698 heres,

18 2718 22 2725 ’
68 2767 73 2770 ,
144 2723 300 2764 contra
326 2720 575 2778 predictam
602 2723 918 2766 vendicionem
949 2722 1177 2769 venerint,
1223 2724 1265 2763 ct
1293 2733 1391 2762 cam
1435 2718 1719 2775 interpellare

145 2794 191 2836 et
203 2791 458 2837 rescindere
475 2793 719 2843 voluerint,
737 2795 775 2837 si
792 2794 901 2851 quid
918 2795 976 2836 ab
996 2794 1062 2836 eis
1085 2807 1111 2836 a
1132 2796 1173 2835 tc
1194 2792 1264 2835 vel
1284 2792 1372 2833 tuis
1396 2791 1498 2833 inde
1519 2790 1716 2833 evictum

194 2930 245 2979 (1)
273 2931 401 2969 Ca1·t.:
423 2932 592 2969 Nemtis.

193 2988 244 3039 (2)
271 2989 400 3030 Cart..:
421 2991 594 3029 Nemtis.
