2100 3583
812 319 1067 362 —181—

154 403 422 455 laborative,
447 416 550 445 cum
570 403 783 445 omnibus
806 403 899 445 suis
919 403 1266 459 pcrtinentibus.
1291 417 1379 459 que
1407 406 1475 445 est
1503 403 1546 444 in
1571 402 1722 445 termi-

153 476 226 518 nio
253 477 308 518 de
336 475 524 518 Arverio
558 475 602 516 iu
642 475 877 530 parrochia
908 476 962 516 de
993 475 1246 517 Snlviniaco
1275 476 1355 527 (1),
1387 478 1431 518 et
1465 474 1721 517 coufrontal

152 560 256 590 cum
290 549 407 588 terra
433 559 521 602 que
555 545 638 588 fuit
666 546 922 601 Raymundi
953 547 1007 588 dc
1050 547 1132 588 Ro.
1172 550 1214 588 et
1248 561 1305 588 cx
1331 546 1420 588 alia
1453 550 1578 602 parte
1619 560 1720 588 cum

150 621 270 662 terra
303 618 568 674 Berengarie
602 618 657 660 dc
689 617 964 660 Salviniaeo.
1009 621 1050 659 ct
1091 632 1145 659 ex
1183 618 1270 660 alia
1310 621 1433 673 parte
1468 631 1569 660 cum
1604 620 1722 660 terra

150 689 441 745 Berrengarie
460 690 515 731 de
538 689 809 732 Salviniaco.
836 691 879 731 ct
901 703 956 731 cx
976 689 1060 731 alin
1087 693 1210 744 parte
1233 703 1333 731 cuni
1360 693 1475 731 terra
1493 688 1722 732 Guillelmi

149 761 343 810 Calveti,
383 764 428 803 et
465 760 523 803 ab
550 760 638 803 alia
665 763 792 816 parte
827 773 929 802 cum
969 763 1086 802 terra
1116 761 1262 802 Pom-ii
1301 761 1503 803 Guiraldi
1544 761 1599 803 de
1629 760 1723 802 Sal-

150 831 343 875 viniaco.

208 904 334 946 Hanc
370 906 602 946 terram...
643 903 1003 959 derelinquimus
1041 904 1142 948 tibi,
1189 906 1483 960 Raymundo,
1527 904 1723 960 Magalo-

150 975 281 1019 nensi
300 974 528 1031 episcopo,
554 978 598 1017 et
619 975 956 1017 successoribus
987 975 1088 1018 tuis.
1124 979 1167 1017 ut
1190 977 1247 1017 nl)
1275 977 1356 1018 hac
1385 977 1495 1018 hora
1524 976 1568 1017 in
1589 979 1721 1018 autea

150 1049 371 1104 perpetuo
392 1047 618 1090 habeas...
644 1047 735 1101 Ego
763 1060 944 1101 quoque
969 1048 1126 1088 Petrus
1155 1047 1288 1089 laudo
1311 1051 1353 1089 vt
1369 1047 1589 1089 confirmo
1608 1048 1722 1089 hanc

150 1117 443 1162 donationem
476 1117 557 1160 tibi
587 1118 878 1174 Raymundo,
915 1118 1222 1172 Magnloneusi
1264 1119 1502 1174 episcopo,
1539 1119 1718 1161 factam.

151 1190 395 1234 Sciendum
422 1203 605 1246 quoque
632 1193 701 1232 est
721 1190 841 1245 quod
873 1192 935 1236 tu,
967 1191 1163 1245 predicte
1196 1191 1463 1246 Ruymunde
1493 1191 1718 1246 episcope,

149 1262 267 1304 hanc
292 1261 542 1318 predictam
572 1264 737 1304 terram
759 1262 821 1315 (2)
852 1261 1051 1304 liberasti
1080 1277 1105 1304 a
1138 1262 1323 1317 pignore
1353 1263 1422 1304 IIIc
1452 1262 1718 1307 solidorum,

148 1346 231 1390 pro
248 1332 416 1389 quibus
444 1333 654 1388 Rotgerio
682 1333 920 1389 speciatori
944 1333 1119 1388 pignori
1148 1334 1347 1389 obligata
1369 1337 1479 1376 erat.

207 1404 259 1447 Et
288 1418 372 1460 ego
402 1405 722 1462 Raymundus,
754 1405 994 1460 episcopus
1022 1406 1383 1460 Magalom·nsis.
1428 1406 1642 1461 promit-to
1679 1409 1723 1448 ct

147 1476 394 1525 convenio,
429 1477 553 1532 quod
579 1489 761 1532 semper
787 1475 881 1518 silio
908 1479 953 1518 et
992 1476 1118 1519 fratri
1148 1481 1321 1519 vestro.
1358 1479 1488 1519 Petro
1518 1478 1716 1523 nominc,

148 1561 234 1604 ego
271 1550 317 1591 et
357 1561 641 1591 successores
686 1547 773 1590 mei
814 1548 1156 1603 providebimus
1204 1549 1373 1591 victum
1421 1552 1462 1591 et
1504 1549 1719 1591 vestitum

148 1619 491 1668 honorabiliter,
520 1622 600 1663 aut
630 1619 677 1662 in
704 1620 893 1663 ecclesia
919 1620 1243 1675 Magalonensi.
1274 1621 1417 1663 autin
1440 1620 1525 1663 alia
1549 1621 1587 1662 ei
1617 1622 1722 1663 sub-

148 1691 283 1741 dicta,
312 1694 394 1734 aut
423 1691 470 1734 in
497 1691 682 1748 propria
711 1693 865 1735 domo.
901 1692 946 1734 Si
974 1694 1126 1734 autem
1152 1706 1236 1747 ego
1264 1696 1307 1735 ct
1331 1706 1612 1735 successores
1631 1692 1720 1734 mei

147 1763 234 1806 hoc
259 1763 608 1820 negligeremus,
639 1766 705 1812 et,
744 1763 869 1806 sicud
904 1763 1155 1819 piedictum
1190 1767 1279 1811 est,
1314 1764 1488 1820 prefato
1516 1765 1648 1806 Petro
1676 1764 1719 1805 in

145 1835 362 1878 omnibus
399 1848 494 1878 non
530 1835 903 1892 provideremus,
947 1835 1162 1891 Jamdicta
1199 1839 1317 1878 terra
1360 1837 1417 1878 ad
1456 1849 1540 1878 vos
1581 1835 1720 1878 libere

144 1909 465 1957 reverteretur,
495 1907 656 1950 solutis
678 1907 813 1950 michi
837 1907 963 1963 prius
984 1910 1030 1950 et
1055 1908 1392 1950 successoribus
1417 1907 1531 1950 meis
1551 1907 1623 1971 ΙΙΙΙο
1651 1920 1721 1949 so-

145 1978 251 2022 lidis
271 1978 668 2036 melgoriensibus.

205 2051 362 2094 Testes
382 2052 490 2094 sunt
515 2050 749 2099 Ricardus‚
787 2051 910 2108 prior
938 2050 1288 2106 Magalonensis,
1320 2050 1547 2093 Arnaldus
1576 2050 1720 2092 archi-

146 2121 380 2172 diaeonus,
417 2121 611 2165 Poncius
646 2122 890 2170 Lamberti,
925 2122 1284 2174 archidiaconus,
1320 2122 1566 2170 Johannes,
1598 2122 1721 2178 prior

147 2193 302 2237 Sancti
317 2193 523 2243 Firmini,
549 2193 806 2237 Bernardus
834 2196 888 2237 de
910 2194 1132 2249 Figereto,
1157 2197 1420 2249 procurator
1440 2194 1714 2238 communie.

145 2265 382 2315 Arbertus,
406 2265 700 2315 Folcrandus‚
731 2267 782 2309 G.
810 2266 1069 2312 Rniniundi,
1102 2266 1384 2308 Raimuudus
1402 2267 1457 2308 de
1481 2265 1718 2308 Ballanicis

144 2336 372 2387 canonici,
414 2337 717 2394 Berengarius
744 2338 799 2380 de
839 2337 992 2385 Virac,
1034 2337 1227 2380 Poncius
1255 2337 1527 2389 Bremundi,
1568 2337 1621 2380 G.
1664 2338 1718 2379 de

146 2408 312 2452 Sancto
338 2409 534 2453 Genesio
554 2409 633 2465 (3),
675 2411 723 2452 P.
749 2411 804 2452 de
826 2409 1187 2455 Cenlrairanicis,
1221 2409 1273 2452 G.
1305 2410 1359 2450 de
1390 2409 1541 2451 Monte
1569 2408 1714 2458 Olivo,

143 2482 190 2524 et
217 2479 437 2524 Silvester
460 2481 540 2538 qui
562 2481 645 2524 hec
665 2481 859 2538 scripsit.

952 2553 1049 2591 (Reg.
1075 2552 1112 2587 D,
1136 2552 1193 2582 fol.
1219 2552 1274 2582 2551
1299 2555 1331 2580 v*
1351 2553 1383 2581 et
1406 2551 1466 2581 :352
1487 2553 1540 2588 ν’).

194 2710 244 2758 (1)
271 2711 330 2748 La
357 2710 546 2758 paroisse
575 2709 625 2747 de
653 2710 863 2748 Salviniac
891 2709 993 2746 emit
1025 2709 1158 2745 situi-e
1185 2720 1258 2744 sur
1279 2708 1338 2745 les
1372 2719 1618 2744 communes
1649 2719 1718 2745 ac-

144 2769 296 2807 tuelles
315 2769 365 2807 de
384 2770 528 2807 Lattes
549 2773 590 2806 et
612 2769 660 2806 de
683 2769 840 2806 Perols.

190 2829 243 2876 (2)
271 2830 408 2875 Cart„
430 2829 501 2867 fol.
520 2830 588 2867 251
608 2836 666 2873 ν’,
689 2832 808 2878 porte
827 2841 834 2863 ε
866 2829 1148 2865 venditionem.

193 2889 244 2938 (3)
273 2889 400 2928 Cam:
421 2890 592 2927 Jenesz'o.
