2100 3583
794 358 847 362 —
883 332 968 375 125
1005 359 1057 363 —

147 414 276 457 vobis
311 414 425 457 facta
461 414 649 460 fuerint.
682 415 769 456 sint
805 415 934 457 vobis
963 417 1224 468 cmvndata,
1250 417 1346 458 sine
1373 419 1525 459 vestro
1547 419 1719 458 vestro-

150 499 343 542 rumque
365 499 676 528 succcssorum
709 500 938 540 enganno.
964 491 1003 529 ct
1043 488 1137 529 sine
1165 489 1287 530 omni
1322 488 1502 530 datione
1531 488 1714 529 honoris

148 560 192 599 et
218 557 446 612 peccunie.

206 629 415 670 Preterea
452 641 559 684 ego,
600 628 898 681 Bercngzarius
940 630 1191 685 Raymundi
1231 631 1478 685 predictus.
1525 633 1569 673 et
1602 644 1710 685 eg0‚

146 699 328 742 Beatrix
361 699 579 754 predicta.
620 713 709 741 non
743 700 975 755 capiemus
1014 704 1075 744 te.
1113 701 1350 743 Guillelme
1378 703 1432 744 de
1460 703 1716 757 Montepes-

145 770 321 818 sumno,
348 783 495 826 neque
516 770 795 813 aufferemus
819 771 897 813 tibi
922 771 1076 823 vitam,
1102 787 1245 828 ncqus¹
1269 775 1539 821 membrum,
1569 787 1714 829 neque

142 840 307 898 aliquis
330 842 480 891 homo,
508 842 578 884 vel
603 841 787 885 femina.
814 846 967 884 nostra
989 847 1098 891 arte,
1128 844 1195 885 vel
1219 859 1319 899 ope,
1346 844 1415 886 vel
1439 848 1592 887 nostro
1613 859 1716 887 cou-

144 913 271 956 silio:
303 917 348 956 et
374 913 410 955 si
430 913 596 969 aliquis
623 913 693 955 vel
713 913 865 969 aliqua
887 917 927 955 tc
950 915 1129 970 cepe-rit,
1159 929 1239 957 nos
1261 929 1361 957 cum
1392 916 1483 963 illo,
1512 930 1591 958 nec
1612 930 1714 958 cum

143 984 239 1033 ina,
270 998 351 1027 nec
383 998 486 1028 cum
515 984 624 1033 illis,
656 998 810 1040 pacem
844 990 889 1027 et
922 986 1056 1027 finem
1091 990 1133 1028 ct
1162 987 1421 1029 societatem
1462 987 1552 1029 ullo
1581 988 1716 1029 modo

143 1055 441 1102 habebimus,
474 1056 616 1098 donec
655 1059 700 1098 tu
734 1056 795 1098 sis
827 1056 1042 1098 liberatus
1069 1058 1126 1099 ab
1155 1058 1251 1113 ipsa
1285 1058 1496 1114 capcione
1524 1058 1618 1101 sine
1649 1073 1714 1101 re-

143 1127 409 1184 dempcione
436 1127 622 1171 honoris
650 1128 713 1170 tui
742 1131 785 1170 et
813 1128 1025 1183 peceunie
1055 1132 1143 1170 tur.

200 1199 255 1242 Et
280 1199 317 1242 si
344 1198 509 1255 aliquis
531 1199 689 1246 homo,
723 1200 794 1241 vel
823 1199 1013 1243 femina.
1044 1200 1120 1242 tibi
1150 1201 1407 1249 abstulerit,
1442 1201 1510 1244 vel
1540 1215 1712 1244 succes·

143 1271 321 1315 soribus
350 1270 460 1323 tuis,
498 1273 626 1312 tuum
661 1271 881 1313 honorem
917 1271 993 1326 qui
1029 1274 1096 1313 est
1138 1272 1181 1312 in
1209 1272 1425 1314 comitatu
1454 1273 1712 1315 Sustancio-

143 1342 294 1391 aeusi,
325 1342 396 1384 vel
424 1341 594 1398 aliquid
630 1342 732 1384 inde
764 1342 894 1384 vobis
922 1343 1180 1390 abstulerit,
1219 1357 1299 1386 nos
1326 1345 1461 1386 ambo
1491 1347 1606 1386 recte
1634 1345 1715 1387 ad-

139 1414 311 1472 jutores
329 1414 460 1457 vobis
481 1413 664 1462 erimus,
693 1414 907 1469 quociens
930 1429 1011 1470 per
1032 1419 1365 1457 sacramentum
1391 1430 1488 1458 nos.
1512 1430 1591 1471 per
1612 1430 1708 1463 vos,

140 1486 213 1530 vel
234 1499 316 1542 per
343 1485 559 1541 nuncium
588 1488 808 1533 vestrum,
839 1487 1225 1534 commonueritis,
1258 1490 1301 1529 et
1331 1488 1385 1529 de
1416 1487 1491 1530 illa
1512 1488 1710 1530 comoni—

140 1557 269 1601 cione
295 1571 386 1600 non
414 1557 762 1600 substrahemus
790 1571 887 1599 nos.
920 1558 972 1599 Et
999 1558 1034 1600 si
1062 1558 1226 1614 aliquis
1255 1559 1406 1607 homo,
1441 1559 1509 1601 vel
1540 1559 1709 1601 femina

139 1630 196 1673 de
234 1629 449 1672 comitatu
485 1629 855 1671 Sustancionensi
889 1643 1098 1683 guerram
1136 1630 1180 1671 in
1209 1630 1306 1685 ipso
1333 1630 1547 1673 comitatu
1577 1631 1708 1673 vobis

140 1700 308 1750 fecerit,
339 1713 422 1744 nos
447 1700 502 1743 de
529 1700 742 1743 omnibus
768 1703 884 1743 recte
905 1700 1135 1756 adjutores
1159 1701 1287 1743 vobis
1308 1702 1494 1744 erimus.
1519 1704 1708 1756 excepto

69 1762 78 1770 ’
137 1772 366 1816 Bernardo
386 1773 442 1815 de
462 1771 682 1819 Andusia,
706 1775 751 1814 et
772 1771 923 1814 liberis
946 1772 1054 1819 suis,
1085 1776 1128 1815 et
1155 1773 1317 1815 comite
1337 1773 1705 1819 Barchiiioiiciisi,

138 1847 184 1888 et,
207 1843 513 1892 Trencavello,
545 1848 589 1886 et
615 1843 780 1886 nostris
803 1844 1078 1887 hominibus.
1108 1845 1154 1886 Et
1179 1845 1318 1887 eciam
1343 1845 1378 1886 si
1402 1845 1541 1887 nostri
1567 1845 1711 1887 homi-

99 1941 102 1945 .
137 1928 218 1958 nes
245 1915 472 1975 noluerint
503 1915 636 1957 vohis
667 1915 810 1957 faeere
837 1915 1085 1971 justiciam,
1121 1930 1200 1958 nos
1234 1930 1310 1958 eos
1339 1930 1394 1958 ex
1430 1917 1514 1959 hoc
1555 1920 1709 1959 contra

138 2000 220 2030 vos
242 2000 330 2030 non
360 1987 773 2043 manutenebimus.

195 2058 306 2102 Item
336 2072 441 2114 ego,
472 2059 769 2115 Berengarius
799 2059 1075 2115 Raymundi.
1108 2063 1148 2101 et
1181 2073 1283 2114 ego,
1317 2060 1520 2112 Beati-ix,
1546 2073 1709 2102 convc-

137 2129 290 2173 nimus
318 2130 420 2178 tibi,
451 2129 692 2173 Guillelmo
715 2130 1138 2186 Montispessulani.
1164 2135 1207 2172 et
1234 2132 1570 2173 successoribus
1595 2132 1704 2177 tuis,

136 2203 259 2258 quod
285 2215 390 2245 cum
420 2201 641 2245 fuerimus
671 2202 868 2257 legitime
901 2203 1053 2251 etatis,
1086 2203 1372 2245 laudabimus
1400 2206 1440 2245 et
1468 2203 1708 2245 confirma·

135 2273 289 2317 bimus
319 2276 465 2316 totum
497 2274 616 2316 istud
651 2273 866 2330 placitum
902 2274 997 2316 sine
1029 2275 1153 2316 omni
1176 2278 1325 2316 vestro
1356 2288 1580 2331 enganno.
1619 2276 1708 2317 lloc

136 2347 306 2395 autem,
340 2346 462 2402 quod
495 2346 853 2402 suprascriptum
889 2349 971 2388 est.
1004 2346 1260 2388 tenebimus
1291 2346 1370 2388 tibi
1404 2350 1447 2388 et
1482 2360 1710 2389 successo-

138 2416 264 2460 ribus
287 2417 391 2466 tuis,
425 2420 470 2460 et
498 2418 803 2471 attendemus,
841 2418 875 2459 si
901 2421 945 2459 tu
972 2418 1169 2459 tenueris
1203 2418 1347 2465 nobis,
1379 2421 1421 2460 et
1453 2431 1542 2460 non
1571 2418 1710 2460 viota-

138 2489 275 2542 veris,
298 2489 411 2532 illud
431 2503 522 2545 quo
542 2489 675 2531 nobis
702 2489 862 2545 jurasti
881 2490 935 2531 «le
960 2492 1138 2531 moneta
1160 2504 1166 2530 :
1202 2489 1405 2531 videlicet
1430 2504 1517 2531 non
1539 2490 1711 2532 crimus

140 2560 272 2603 vobis
297 2560 344 2603 in
372 2563 656 2604 sacramento
690 2562 744 2604 de
772 2565 970 2603 moneta.
1007 2575 1085 2602 ncc
1113 2562 1167 2603 de
1198 2561 1338 2603 tribus
1375 2561 1572 2604 denariis
1603 2562 1705 2608 iuis.

142 2645 258 2689 quos
281 2632 537 2676 Bernardus
563 2645 714 2676 comes
741 2633 872 2674 vobis
900 2633 1044 2676 dedit.
1078 2633 1113 2674 si
1151 2636 1195 2674 tu
1225 2632 1467 2675 visitaveris
1498 2634 1618 2688 quod
1641 2633 1710 2688 ju-

142 2703 251 2747 rasti
271 2703 401 2747 nohis
419 2705 474 2747 de
492 2706 784 2752 moneta,se(l
815 2707 859 2745 tu
887 2704 974 2746 cris
1002 2704 1132 2746 nobis
1160 2704 1386 2757 obligatus
1407 2709 1702 2747 sacramento.

42 2800 51 2813 ι
107 2773 204 2818 'De
247 2775 348 2819 aliis
382 2789 489 2818 vero
522 2776 735 2819 omnibus
775 2790 862 2831 que
899 2776 975 2817 tibi
1013 2776 1218 2831 juramus
1260 2790 1338 2831 per
1377 2779 1709 2818 sacranwntum

141 2846 312 2890 erimus
336 2847 418 2890 libi
435 2847 619 2903 obligati
637 2861 818 2903 semper
834 2847 1168 2903 imperpetuum
1188 2847 1282 2888 sinc
1304 2847 1427 2888 ‹nnni
1446 2848 1710 2889 retentione.

636 2955 734 2993 (Βοὲς.
758 2954 803 2990 Π,
834 2954 892 2985 fol.
920 2954 975 2983 1³⁴9
994 2959 1047 2986 w:
1080 2954 1171 2983 fidit-'-
1195 2963 1257 2992 par
1286 2954 1449 2984 Grrmnin
1486 2954 1575 2984 «lans
1605 2954 1636 2983 lu·

682 3007 880 3038 ‘'ut-mlm'rae·
901 3007 957 3036 des
978 3006 1151 3038 Gm'ltmm,
1179 3017 1208 3046 pi
1238 3007 1319 3037 1:32»
