2164 3551
1092 258 1352 302 —186—

500 342 655 384 Totam
677 341 874 384 insulam
889 341 935 383 in
953 355 1044 397 qua
1064 342 1165 398 ipsa
1185 343 1373 386 ecclesia
1394 343 1479 386 sita
1506 346 1574 385 est
1593 357 1695 386 cum
1724 342 2014 398 pertinenciis

441 413 549 461 suis,
582 416 625 455 et
655 413 869 468 quicquid
903 414 948 455 in
982 414 1097 455 mari
1129 414 1202 456 vel
1230 415 1276 456 in
1308 418 1468 470 stagno
1491 416 1650 457 eadem
1678 414 1875 456 Ecclesia
1894 414 2014 470 juste

439 484 671 538 possidere
705 484 909 535 videtum
947 485 1032 527 hoc
1067 489 1134 527 est
1153 486 1230 540 (1).
1268 486 1314 528 in
1342 486 1456 528 mari
1490 486 1766 541 piscationes
1803 499 1936 534 suas;
1970 489 2016 529 et

441 555 715 610 ubicumque
749 556 794 596 in
833 556 1205 599 Sustancionensi
1242 558 1459 599 comitatu
1500 560 1683 612 portus,
1728 556 1806 612 qui
1851 546 2015 599 dicitur

439 627 621 680 gradus,
638 626 887 681 aperiatur;
908 627 953 668 in
968 628 1182 671 omnibus
1197 629 1466 673 redditibus,
1486 629 1565 684 qui
1579 629 1683 670 inde
1700 628 2008 684 provenerint,

440 698 756 747 medietatem,
794 701 837 740 et
870 699 915 740 in
950 702 1109 755 stagno
1141 700 1414 756 piscationes
1447 700 1653 742 similiter
1681 714 1812 748 suas,
1844 702 1888 742 et
1914 700 2013 755 pul-

438 772 660 817 mentum,
692 773 735 811 et
762 770 1001 817 decimam,
1034 774 1077 814 et
1105 786 1250 827 sepes,
1283 772 1319 814 si
1347 786 1423 814 eas
1447 771 1591 814 lacere
1618 771 1827 813 voluerit.

498 842 705 883 Preterea
728 843 1099 897 predecessorum
1125 846 1383 886 nostrorum
1406 843 1598 898 vestigia
1619 845 1879 898 sequentes,
1898 843 2011 899 jam-

438 912 553 954 dicte
580 913 892 968 Magalonensi
919 914 1113 956 Ecclesie
1142 918 1185 957 et
1214 914 1309 962 tihi,
1335 916 1622 971 Raymundo.v
1654 914 1868 970 episcopo
1895 914 2015 970 ejus-

437 985 568 1025 dem.
621 984 844 1039 presentis
891 985 1113 1041 privilegii
1159 987 1325 1042 pagina
1360 986 1700 1041 imperpetuum
1737 986 2015 1042 possidenda

437 1056 727 1098 concedimus
762 1058 960 1099 castrum
993 1059 1047 1099 de
1086 1057 1322 1100 Villanova
1348 1072 1451 1100 cum
1481 1058 1695 1100 omnibus
1722 1057 2014 1114 pertinenciis

438 1127 557 1175 suis,
590 1131 634 1170 et
660 1131 857 1170 castrum
887 1130 941 1171 de
972 1129 1132 1184 Gijano
1170 1143 1272 1171 cum
1304 1130 1517 1171 omnibus
1553 1131 1609 1171 ad
1648 1129 1768 1171 idem
1814 1132 2014 1172 castrum

436 1199 785 1253 pertinentibus,
806 1201 1017 1242 etvillam
1042 1202 1095 1242 de
1118 1201 1338 1257 Bcjanicis
1353 1202 1431 1257 (2).
1457 1204 1502 1243 ct
1524 1201 1679 1243 villam
1700 1202 1755 1243 de
1774 1200 2015 1252 Terraillet

437 1273 481 1312 et
513 1270 1087 1326 Montempessulanetum.
1121 1276 1163 1314 et
1193 1272 1346 1314 villam
1375 1274 1431 1314 dc-
1459 1272 1743 1328 Aguzanicis,
1776 1275 1820 1314 et
1848 1275 2010 1322 totum,

436 1345 635 1384 castrum
662 1343 717 1385 de
739 1344 922 1385 Veruna
955 1358 1058 1385 cuin
1088 1345 1378 1399 pertinenciis
1407 1344 1516 1389 suis,
1542 1347 1586 1385 et
1609 1344 1765 1386 villam
1787 1345 1842 1387 de
1864 1345 2016 1399 Agan-

436 1414 521 1456 tico
544 1428 645 1456 cum
667 1415 957 1470 pertinenciis
980 1416 1089 1458 suis,
1111 1420 1154 1458 et
1177 1416 1365 1458 feudum
1386 1417 1509 1471 quod
1532 1419 1654 1458 tenet
1671 1415 1942 1458 Guillelmus
1959 1417 2015 1458 de

435 1486 852 1541 Montepessulano,
879 1488 1384 1542 Montenipessulanum
1414 1488 1570 1542 utique
1599 1490 1643 1529 et
1670 1489 1869 1530 castrum
1892 1489 2014 1543 quod

436 1560 560 1599 tenet
580 1558 850 1600 Guillelmus
878 1560 933 1601 de
968 1559 1386 1615 Montepcssulano,
1428 1573 1529 1601 cuni
1554 1559 1618 1614 (3)
1653 1559 1892 1614 parrochia
1912 1573 2010 1607 sua,

436 1633 479 1671 et
506 1633 704 1672 castrum
733 1631 786 1671 de
816 1630 957 1672 Palud
978 1632 1040 1685 (4)
1077 1645 1179 1673 cum
1215 1634 1309 1673 toto
1346 1631 1554 1673 terminio
1589 1645 1696 1678 suo,
1728 1634 1773 1674 et
1800 1631 2015 1674 universa

435 1715 523 1756 que
563 1702 620 1743 ad
662 1701 1033 1756 Magalonensem
1067 1703 1379 1758 episcopatum
1418 1717 1496 1746 seu
1532 1704 1589 1745 ad
1624 1703 1815 1746 fratrum
1843 1703 2014 1746 ibidem

435 1773 702 1827 (legencium
725 1774 1034 1816 communiam
1061 1775 1179 1830 juste
1208 1775 1433 1830 pertinere
1462 1778 1726 1817 noscuntur.

494 1845 726 1887 Adicimus
749 1845 886 1887 etiam
914 1846 1018 1888 huic
1040 1850 1194 1888 nostro
1223 1847 1390 1902 scripto
1413 1850 1463 1888 ut
1484 1847 1636 1889 nullus
1663 1848 1831 1896 comes,
1858 1847 2013 1890 nullus

435 1917 659 1972 princeps.
690 1917 815 1959 nulla
838 1917 926 1959 alia
962 1918 1088 1974 layca
1117 1921 1318 1973 potestas
1352 1919 1398 1960 in
1426 1919 1598 1961 clericis
1640 1919 1784 1961 tocius
1817 1919 2016 1975 Magalo-

434 1988 587 2030 nensis
615 1989 920 2045 episcopatus,
951 1993 1029 2032 aut
1064 1990 1107 2031 in
1143 1990 1243 2033 aliis
1278 1990 1485 2046 ejusdem
1513 1991 1707 2033 Ecclesie
1729 1991 2010 2039 hominibus,

433 2060 529 2102 sive
567 2060 611 2102 in
649 2061 757 2103 locis
784 2063 841 2103 ad
876 2063 1067 2103 eandem
1102 2062 1346 2104 Ecclesiam
1387 2063 1748 2117 pertinentibus,
1790 2062 2009 2118 justicias,

433 2132 689 2187 alberguas,
710 2133 858 2182 toltas,
879 2136 1064 2189 questas
1083 2134 1178 2176 sive
1194 2134 1370 2189 aliquas
1387 2134 1500 2176 alias
1519 2135 1713 2190 injustas
1733 2134 2009 2183 exactiones,

433 2206 536 2259 post
567 2204 703 2260 hujus
738 2205 878 2247 nostri
907 2205 1072 2247 decreti
1102 2206 1387 2261 rescriptum,
1415 2207 1654 2249 temerario
1673 2220 1790 2250 ausu
1809 2207 2011 2263 accipere

434 2279 683 2330 presumat.

491 2348 553 2389 De
590 2351 738 2391 cetero
772 2351 925 2391 teneat
961 2350 1167 2391 oninium
1202 2350 1380 2398 noticia,
1418 2352 1540 2405 quod
1570 2351 1653 2393 hac
1673 2353 1828 2393 nostre
1847 2349 2013 2393 confir-

433 2420 644 2462 mationis
682 2420 848 2475 pagina
882 2421 1109 2476 sepedicte
1148 2422 1456 2477 Magalonensi
1491 2423 1686 2465 Ecclesie
1716 2426 1761 2465 et
1788 2423 1869 2466 tibi
1895 2423 2013 2479 Ray-

431 2492 617 2534 mundo.
641 2492 845 2548 ejusdem
870 2492 998 2535 Sedis
1019 2494 1247 2548 episcopo,
1273 2507 1325 2536 ac
1347 2494 1684 2537 successoribus
1708 2495 1796 2538 tuis
1820 2508 1889 2543 ea,
1922 2508 2011 2550 que

481 2637 526 2682 (1)
558 2638 682 2672 Cart:
709 2638 778 2672 lim*
802 2640 934 2673 sulcem
957 2637 995 2672 ιίι
1020 2638 1134 2672 mari.

482 2696 529 2741 12)
560 2697 684 2732 Cart.:
710 2697 934 2732 Borrmiez‘s.

482 2755 527 2801 ’3)
558 2756 682 2792 Cart:
708 2767 725 2791 e
749 2757 966 2793 surmonte
988 2755 1082 2792 d'nn
1105 2756 1206 2792 trait
1223 2771 1270 2788 Ξ
1291 2760 1365 2792 est.

480 2815 527 2861 14)
558 2817 710 2851 Lattes.
742 2817 856 2851 Nous
881 2816 1064 2863 jugeons
1095 2816 1242 2852 inutile
1273 2816 1520 2853 d'identifier
1548 2820 1689 2853 toutes
1721 2817 1782 2853 les
1816 2816 2004 2854 localites

430 2874 721 2911 mentionnees
751 2875 856 2912 dans
889 2887 931 2912 ce
967 2875 1146 2923 diplOme
1177 2879 1217 2912 et
1248 2887 1326 2922 qne
1360 2887 1467 2912 nous
1497 2888 1631 2913 avons
1668 2877 1938 2913 rencontrees
1974 2876 2010 2913 si

431 2936 614 2971 souvent
635 2934 738 2971 dans
756 2935 816 2972 les
840 2938 968 2972 actes.

2097 3140 2145 3551 mmm-vea-
2117 3051 2142 3113 «ψς
