2164 3551
1064 290 1333 333 —182—

1032 507 1175 542 XCIII.
1203 528 1247 531 -κ
1276 507 1367 543 1155

486 635 694 682 L'eglise
729 636 789 673 de
825 638 1270 685 Laroque-Aynier
1304 639 1380 674 est
1413 632 1580 673 elevee
1611 646 1675 672 au
1701 645 1827 682 rang·
1853 635 1913 671 de

1076 707 1316 743 paroisse.

474 800 522 841 In
557 800 740 842 nomine
773 801 968 842 Domini.
1002 803 1134 844 Anno
1156 801 1480 844 lucarnationis
1507 801 1711 857 ejusdem
1742 800 1808 841 ΜΟ
1821 799 1875 842 C0
1892 799 1980 847 LV,

415 872 472 913 sit
493 874 652 913 notum
676 872 890 914 omnibus
917 873 1003 915 hoc
1029 874 1266 922 audituris,
1292 874 1414 929 quod
1437 873 1735 929 Raymundus
1763 872 1819 913 de
1846 872 1980 918 Boea,

415 946 458 985 et
475 943 523 985 G.
552 943 754 992 Arnaldi‚
780 946 824 985 et
843 944 1140 1000 Berengarius
1163 946 1217 987 de
1240 945 1389 993 Salve,
1416 943 1587 986 domini
1610 942 1744 985 castri
1765 943 1820 985 de
1848 943 1981 991 Roca‚

415 1028 517 1063 cum
545 1014 644 1057 aliis
679 1015 899 1057 militibus
932 1019 977 1058 et
1010 1017 1136 1058 omni
1176 1017 1345 1072 populo
1386 1016 1540 1058 castri.
1579 1015 1734 1057 multis
1774 1014 1986 1070 precibus

414 1086 763 1141 postulaverunt
788 1101 815 1129 a
848 1088 1033 1130 domino
1068 1087 1375 1145 R[aimundo]‚
1417 1087 1727 1143 Magalonensi
1753 1086 1982 1142 episcopo,

415 1161 463 1200 ut
497 1158 683 1200 ecclesia
709 1159 762 1200 de
791 1160 924 1207 Roca‚
957 1173 1045 1215 que
1072 1174 1217 1215 usque
1253 1161 1310 1202 ad
1346 1160 1427 1201 hec
1466 1163 1673 1214 tempora
1706 1158 1891 1201 ecclesie
1930 1158 1986 1200 de

413 1229 631 1284 Agantico
659 1230 863 1285 cappella
891 1230 1051 1279 fuerat,
1084 1231 1412 1286 parrochialem
1445 1230 1610 1273 faceret
1633 1230 1712 1286 (1),
1745 1232 1789 1272 et
1815 1229 1987 1272 clericis

413 1301 474 1342 ibi
503 1301 666 1342 morari
688 1301 870 1343 assidue
896 1302 1088 1358 juberet,
1121 1303 1199 1358 qui
1219 1303 1460 1345 animabus
1482 1302 1639 1358 populi
1666 1303 1721 1344 de
1748 1303 1884 1350 Roca,
1909 1301 1987 1357 qui

414 1372 545 1414 valde
578 1376 738 1414 auc-tus
776 1373 943 1421 fuerat*
982 1375 1212 1416 salvandis
1243 1388 1395 1416 curam
1426 1375 1670 1417 haberent:
1709 1374 1793 1416 hac
1820 1373 1989 1416 scilicet

414 1444 681 1486 necessitate
703 1445 807 1500 quia
826 1445 988 1493 clerici,
1015 1446 1199 1488 ecclesie
1224 1448 1278 1488 de
1310 1447 1527 1501 Agantico
1556 1449 1805 1501 presentes,
1832 1444 1988 1487 multis

415 1516 822 1559 intervenientibus
844 1517 1199 1573 impedimentis,
1232 1518 1413 1560 assidue
1441 1532 1539 1560 esse
1570 1532 1659 1559 non
1686 1520 1912 1573 poterant,
1943 1520 1988 1559 et

415 1587 477 1629 sic
498 1587 666 1629 infirmi
690 1588 819 1630 multi
843 1589 938 1631 sine
957 1589 1222 1644 penitentia,
1241 1593 1285 1631 et
1303 1590 1427 1645 pueri
1447 1590 1542 1632 sine
1564 1589 1807 1645 baptismo,
1826 1589 1989 1631 morie-

416 1660 594 1702 bantur.
1216 1707 1224 1712 ἱ

474 1732 562 1773 Hac
585 1731 720 1787 igitur
742 1733 1007 1775 necessitate
1032 1738 1234 1788 urgente,
1267 1737 1307 1776 el
1338 1734 1546 1789 precibus
1580 1747 1739 1776 eorum
1762 1733 1984 1781 devictus,

416 1802 732 1860 R[ai1nundus]
757 1838 777 1857 ‚¹
814 1805 1149 1859 Magalonensis
1178 1806 1240 1860 (2)
1288 1805 1553 1861 episcopus,
1602 1805 1736 1861 justis
1778 1805 1989 1861 precibus

415 1888 572 1916 eorum
600 1888 839 1917 assensum
873 1877 1073 1931 prebuit,
1115 1880 1158 1919 et
1185 1877 1518 1919 communicato
1545 1876 1734 1919 consilio
1768 1877 1990 1920 archidia-

415 1959 632 1988 conorum
661 1949 705 1989 et
730 1947 922 1989 aliorum
956 1949 1276 1990 canonicorum
1311 1948 1719 2004 Magalonensium‚
1753 1948 1988 1992 ecclesiam

416 2018 539 2060 illam
561 2019 890 2074 parrochialem
913 2034 1028 2074 esse,
1055 2024 1099 2062 et
1117 2020 1189 2075 jus
1211 2021 1507 2075 parrochiale
1533 2020 1744 2063 videlicet
1763 2020 1913 2064 fontes
1932 2023 1991 2064 ad

415 2090 755 2145 baptizandum,
793 2094 838 2132 et
871 2091 1142 2134 cimiterium
1173 2093 1230 2134 ad
1259 2093 1588 2148 sepeliendum,
1620 2096 1665 2135 et
1697 2093 1990 2136 decimariam

415 2162 582 2204 habere
605 2162 857 2214 constituit,
883 2166 925 2204 et
957 2163 1141 2206 clericos
1168 2164 1339 2206 ibidem
1368 2165 1536 2207 morari
1557 2165 1611 2207 ad
1641 2178 1796 2207 curam
1819 2164 1994 2208 anima-

418 2247 517 2275 rum
539 2234 695 2289 populi
724 2235 999 2285 habendam,
1025 2235 1362 2291 imperpetuum
1393 2236 1561 2278 sanxit.
1587 2236 1780 2279 Predicti
1807 2250 1992 2293 quoque

415 2305 587 2347 domini
607 2306 739 2347 castri
758 2307 815 2347 ad
839 2309 1162 2349 sustentandos
1184 2308 1351 2349 ibidem
1372 2308 1571 2350 clericos.
1598 2308 1676 2363 qui
1690 2308 1753 2351 ibi
1773 2308 1994 2351 moraturi

418 2380 538 2429 sunt,
563 2390 664 2419 cum
693 2377 792 2419 aliis
812 2378 1031 2420 militibus
1053 2380 1108 2421 de
1133 2379 1260 2421 bonis
1290 2380 1383 2421 suis
1403 2380 1601 2435 predicte
1624 2380 1810 2423 ecclesie
1837 2383 1991 2423 contu-

418 2450 581 2501 lerunt,
614 2450 727 2490 sicut
750 2449 937 2491 inferius
965 2451 1234 2493 continetur.

475 2522 564 2563 Nos
603 2521 737 2577 igitur
777 2521 939 2576 prefati
976 2523 1148 2564 domini
1185 2523 1333 2565 castri.
1375 2523 1581 2566 videlicet
1617 2525 1916 2580 Raymundus
1937 2525 1992 2566 de

418 2594 532 2635 Roca
562 2596 605 2635 et
632 2593 901 2635 Guillelmus
930 2593 1050 2635 filius
1072 2594 1183 2650 ejus.
1215 2596 1266 2637 G.
1294 2595 1477 2636 Arnaldi
1501 2598 1543 2637 ct
1573 2596 1828 2638 Bernardus
1854 2595 1988 2643 filius,

417 2665 714 2719 Berengarius
747 2666 800 2706 (le
825 2665 981 2717 Salve,
1009 2680 1111 2713 nos,
1147 2666 1354 2721 inquam,
1386 2680 1545 2709 omncs
1570 2668 1687 2710 bona
1719 2668 1808 2710 fide
1830 2671 1875 2710 et
1895 2667 1991 2710 sine

417 2736 520 2778 dolo
542 2750 644 2778 cum
667 2737 750 2778 hac
771 2739 891 2779 carta
913 2738 1085 2792 absque
1105 2738 1228 2779 omni
1251 2738 1500 2780 retentione
1524 2739 1566 2780 in
1590 2739 1748 2794 primis
1771 2739 1992 2782 solvimus

466 2912 515 2957 (1)
543 2911 670 2947 Cart.:
693 2912 863 2956 lecerat.

467 2971 515 3017 (2)
548 2972 673 3008 Cart:
698 2971 1015 3018 Maqalanensis.
