2100 3583
837 359 881 365 -
924 335 981 377 35
1015 363 1068 368 -

223 405 442 451 Similiter
468 411 764 455 vendimus...
801 416 979 460 tertiam
1015 424 1187 475 partem
1226 424 1358 467 unius
1391 427 1531 471 orti...
1574 432 1619 472 et
1650 429 1732 473 hee

162 477 293 520 tertia
314 492 418 534 pars
439 480 753 526 confrontatur
766 497 823 527 ex
841 500 929 529 una
948 494 1074 544 parte
1093 506 1195 535 cum
1214 496 1411 549 predicto
1435 499 1728 550 mollendino‚

160 549 206 588 et
239 560 297 590 ex
335 549 424 592 alia
464 555 590 606 parte
630 556 810 597 tenetur
850 570 954 600 cuin
1006 563 1184 605 duabus
1220 567 1425 620 partibus
1464 570 1548 612 orti
1588 572 1728 614 Marie

160 615 427 663 Beronessa.
440 655 447 662 .
461 656 467 663 .

217 689 378 733 Adhuc
400 693 695 737 vendimus...
730 698 921 741 vobis...
959 705 1102 746 totum
1132 706 1215 749 hoc
1234 711 1356 763 quod
1385 710 1662 755 habemus...
1682 715 1728 757 in

156 759 294 803 domo
332 761 631 818 Buguaderia,
666 780 754 823 que
791 772 860 812 est
894 775 998 815 ante
1039 775 1156 819 hunc
1196 781 1505 834 supradictum
1541 785 1730 828 mollen-

157 829 336 874 diuum.

215 903 405 960 Propter
432 906 548 950 hane
580 912 733 953 autem
763 913 1125 959 venditionem...
1174 923 1235 964 tu.
1267 922 1506 968 Guillelme
1540 928 1595 969 de
1622 927 1727 970 Cor·

155 965 305 1023 biano,
342 979 387 1019 et
416 978 481 1020 tui
517 978 720 1034 jamdicti
757 984 945 1028 dedistis
968 988 1103 1031 michi
1129 991 1317 1035 Rixendi
1353 999 1396 1038 et
1436 998 1597 1041 marito
1626 1013 1727 1042 meo

154 1045 321 1089 Poncio
341 1047 477 1092 Berra
496 1050 568 1093 IIIc
598 1053 766 1097 solidos
789 1057 1127 1112 melgorienses,
1153 1062 1214 1105 ita
1240 1067 1361 1120 quod
1391 1068 1525 1110 nichil
1554 1083 1610 1112 ex
1636 1071 1722 1114 hiis

154 1118 374 1162 remansit
398 1133 539 1176 penes
560 1136 642 1166 vos
670 1124 716 1167 in
738 1126 906 1171 debito.

210 1188 274 1232 De
295 1191 433 1234 tercia
452 1196 579 1248 parte
601 1196 857 1242 medietatis
885 1201 1150 1246 mollendini
1183 1205 1266 1249 fuit
1295 1208 1460 1252 factum
1489 1226 1592 1254 cum
1618 1227 1723 1256 con-

151 1259 252 1303 silio
277 1260 526 1307 infancium
546 1265 774 1311 Guillelmi
796 1271 850 1313 de
873 1272 1215 1320 Monteferrario
1237 1282 1281 1320 et
1308 1281 1536 1326 Dulceline
1565 1286 1722 1329 matris

150 1343 324 1382 eorum,
349 1336 394 1376 et
414 1334 672 1381 habuerunt
694 1339 796 1384 inde
819 1356 900 1398 pro
921 1346 1109 1388 consilio
1131 1349 1203 1391 XL
1226 1351 1449 1395 solidos...

209 1402 427 1448 Similiter
445 1407 502 1450 de
518 1409 653 1452 tercia
680 1414 808 1466 parte
830 1415 1095 1460 mollendini
1119 1419 1201 1463 fuit
1220 1421 1388 1466 factum
1409 1439 1511 1468 cum
1533 1428 1721 1472 consilio

148 1473 304 1518 Sibilie
329 1479 375 1519 et
393 1477 651 1535 Berengarii
674 1483 925 1538 Agullonis‚
955 1489 1099 1532 mariti
1124 1491 1236 1547 ejus,
1269 1497 1311 1537 et
1331 1496 1587 1541 habuerunt
1610 1500 1713 1544 inde

144 1557 228 1600 pro
249 1547 437 1592 consilio
457 1549 617 1594 XXXII
643 1553 868 1598 solidos...

203 1617 266 1660 De
287 1619 423 1663 tercia
442 1625 569 1677 parte
598 1624 682 1666 orti
705 1628 749 1668 et
770 1627 825 1669 de
847 1629 982 1672 domo
1007 1632 1288 1687 Bugunderia
1311 1637 1392 1681 fuit
1417 1639 1585 1684 factum
1607 1656 1710 1685 cum

144 1688 332 1734 oonsilio
354 1691 526 1736 Visiani
547 1697 592 1737 et
611 1695 771 1740 habuit
798 1699 899 1742 inde
921 1716 1003 1757 pro
1021 1705 1208 1749 consilio
1230 1708 1266 1749 X
1290 1709 1472 1753 solidos.

1137 1861 1216 1902 Reg.
1239 1863 1276 1900 D,
1300 1864 1358 1895 fol.
1378 1865 1434 1896 291
1462 1872 1499 1895 vt·
1518 1892 1523 1896 .

658 2151 804 2189 XXIII.
835 2175 877 2179 —
907 2156 1109 2194 1080-1104
1155 2163 1165 2195 l

480 2286 791 2334 Aequisition
816 2292 934 2330 faite
960 2306 1052 2342 par
1078 2297 1361 2338 Godefroid.

192 2426 286 2483 Ego
318 2428 642 2487 Raymundus,
673 2438 718 2478 et
738 2436 894 2486 Maria,
926 2443 971 2482 et
993 2440 1071 2483 filii
1096 2446 1251 2495 nostri,
1279 2447 1520 2492 Wilelmus
1541 2455 1583 2493 et
1613 2453 1701 2495 Oli-

134 2498 305 2550 varius,
335 2501 619 2547 absolvimus
639 2509 683 2549 et
702 2508 994 2565 guirpimus..
1039 2514 1131 2558 Deo
1168 2520 1265 2559 et...
1301 2519 1379 2561 tibi
1407 2521 1699 2571 Gothafredo,

131 2568 446 2626 Magalonensi
472 2574 701 2634 episcopo,
739 2593 922 2625 omnem
953 2584 1171 2629 honorem
1201 2603 1336 2644 quem
1364 2591 1522 2636 imbuit
1544 2594 1703 2639 vitalis

130 2654 214 2698 per
233 2640 429 2688 'manum
455 2646 790 2703 Magalonensis
817 2654 1045 2712 episcopi;
1077 2662 1120 2701 et
1155 2660 1196 2701 in
1228 2663 1437 2706 terminio
1465 2665 1699 2712 Villenove

178 2817 231 2860 ‹1›
256 2817 368 2855 ‘rous
399 2819 461 2856 les
496 2824 610 2858 actes
643 2822 715 2870 qui
750 2824 920 2864 suivent
949 2827 996 2864 de
1029 2839 1129 2865 xxm
1160 2834 1183 2867 a
1221 2843 1335 2869 xxvii
1374 2835 1698 2877 inclusivonmnt

126 2873 383 2914 interessent
409 2878 651 2928 l'episcopat
671 2881 720 2918 de
749 2883 986 2922 &oderi-oid.
1011 2888 1060 2924 lls·
1083 2901 1132 2925 ne
1154 2897 1319 2936 porte-iit
1342 2905 1501 2931 ann-uni·
1521 2897 1627 2938 (late,
1659 2905 1698 2935 vt

107 2933 201 2985 ‘nul
225 2945 408 2985 passage
429 2948 480 2974 ne
510 2949 618 2975 nous
646 2948 806 2987 permet
827 2943 876 2980 de
904 2944 942 2982 la
964 2948 1156 2994 pree-iser.
1189 2950 1301 2986 Nous
1324 2950 1382 2988 les
1403 2953 1595 2992 inserons
1617 2960 1639 2993 ἐι
1661 2958 1698 2995 la

128 2992 239 3032 suite
265 2998 307 3032 et
338 3006 440 3033 sans
461 2997 623 3034 vouloir
645 2998 734 3037 leur
755 3002 860 3039 fixei·
877 3015 932 3040 un
956 3006 1089 3042 ordre.
