2100 3583
842 325 895 329 -
930 298 1015 341 255
1047 325 1104 330 —

187 394 297 450 quid
327 394 443 436 infra
477 393 631 435 villam
664 394 719 435 de
747 394 980 447 Agantico.
1020 394 1086 435 vel
1119 394 1233 436 circa
1256 394 1408 436 villani
1442 397 1586 437 extra.
1618 394 1676 436 ab
1703 408 1755 436 eo

185 466 411 508 habebam
434 468 478 507 et
501 465 768 508 tenebam...

244 537 451 579 preterea
496 536 728 578 sciendum
773 538 842 576 est
881 537 999 590 quod
1042 550 1149 588 ego,
1194 535 1507 594 maimundus]
1556 536 1748 581 Petri...

182 608 303 649 dono
325 610 369 650 et
391 608 518 649 trado
538 607 729 649 Domino
751 607 858 649 Deo,
886 610 925 648 et
949 607 1132 649 ecclesie
1156 608 1276 649 Beati
1304 608 1417 650 Petri
1438 609 1492 649 de
1515 608 1747 660 Agantivo.

180 681 225 721 el:
259 678 337 720 tibi
362 678 582 729 Johanni,
618 677 925 731 Magalonensi
960 678 1193 733 episcopo.
1229 682 1271 721 et
1298 679 1634 720 successoribus
1665 679 1750 720 tuis

178 750 542 807 imperpetuum,
575 762 654 804 per
689 749 881 791 liberum
918 749 1136 792 alodium.
1182 753 1324 791 totum
1364 750 1570 792 videlicet
1604 754 1749 792 estare

177 833 280 864 cum
308 821 598 877 pertinenciis
634 820 749 865 suis,
784 821 826 861 in
861 834 951 875 quo
983 823 1193 863 sacerdos
1221 822 1423 876 ejusdem
1454 822 1637 864 ecclesie
1672 822 1746 863 (liu

176 891 302 936 visus
323 895 392 935 est
413 905 703 948 permanere;
736 892 854 947 quod
886 894 1031 934 estare
1053 892 1306 934 cwinlrontnt
1336 908 1398 934 se.
1425 906 1481 934 ex
1511 906 1599 934 una
1622 896 1746 948 parte

174 976 278 1006 cum
315 963 450 1007 estari
488 964 609 1019 quod
648 962 732 1005 fuit
767 963 983 1005 Bernardi
1023 963 1209 1007 Thonie.
1258 979 1313 1005 ex
1355 964 1444 1006 :ilia
1481 977 1586 1006 vero
1621 967 1745 1019 parte

172 1034 405 1091 conjungit
437 1047 484 1077 se
517 1047 620 1076 cum
652 1034 787 1076 estari
822 1035 943 1089 quod
983 1034 1065 1076 luit
1106 1034 1333 1077 Guillelmi
1373 1036 1428 1077 sle
1456 1035 1662 1083 sicu-ario,
1702 1038 1746 1077 et

171 1106 309 1149 habet
330 1105 563 1148 introitum
592 1108 636 1148 et
657 1104 832 1147 exitum
856 1105 898 1146 in
931 1105 1001 1147 via
1025 1106 1218 1160 publica.

229 1178 356 1220 Dono
383 1177 519 1220 etiam
550 1180 594 1219 et
630 1178 758 1219 trado
793 1177 941 1229 vobis,
971 1177 1066 1232 jure
1104 1181 1336 1232 perpetuo.
1362 1177 1496 1220 aliam
1533 1179 1737 1220 (lonium.

167 1261 257 1305 que
283 1248 446 1292 dicitur
467 1248 618 1295 Scola,
644 1261 732 1303 que
760 1251 828 1290 est
853 1251 957 1291 ante
980 1249 1230 1290 ecclesiam.

226 1320 387 1362 Adhuc
413 1319 549 1362 etiam
571 1319 707 1362 laudo
729 1322 774 1362 et
800 1321 996 1361 concedo
1021 1321 1217 1375 predicte
1240 1321 1424 1363 ecclesie
1441 1322 1494 1362 de
1521 1321 1738 1377 Agantico

165 1390 278 1434 illud
304 1391 600 1435 escambium.
626 1392 746 1446 quod
787 1390 952 1433 fecerat
978 1405 1078 1433 cuni
1121 1392 1249 1434 l‘etro
1280 1392 1334 1434 (le
1365 1394 1529 1434 Sancto
1557 1392 1734 1447 Egidio:

164 1464 210 1506 el:
235 1462 374 1505 habui
401 1462 505 1505 inde
538 1476 620 1518 pro
653 1461 869 1504 laudimio
903 1463 972 1503 Lx
1007 1462 1176 1505 solidos
1213 1476 1237 1505 a
1276 1464 1405 1505 Petro
1433 1463 1488 1505 de
1524 1463 1738 1505 Ferreriis

162 1534 422 1582 sacerdote;
454 1536 499 1576 et
540 1533 576 1576 si
615 1533 721 1576 villa
756 1533 992 1576 edificetur
1029 1533 1111 1585 ibi,
1152 1534 1330 1576 salvum
1366 1548 1546 1589 semper
1582 1534 1639 1576 sit
1663 1534 1736 1590 jus

161 1604 362 1658 ecclesie,
387 1605 520 1648 sicuti
542 1605 587 1646 in
609 1604 698 1647 alia
721 1607 845 1660 parte
869 1605 988 1647 ville.
1014 1618 1152 1660 quam
1181 1609 1310 1647 teneo
1339 1606 1396 1647 ab
1424 1605 1652 1661 episcopo.

219 1677 332 1720 Item
359 1689 581 1733 cognosco
618 1689 690 1718 me
719 1676 884 1718 habere
912 1677 970 1719 ab
999 1677 1158 1718 eodeni
1182 1677 1367 1719 domino
1390 1677 1602 1732 episcopo
1624 1690 1732 1732 aug-

158 1748 460 1792 mentationes
486 1747 611 1800 illas,
648 1761 737 1803 que
774 1747 887 1790 facte
924 1751 1044 1790 sunt.
1092 1749 1160 1790 vel
1204 1748 1246 1789 in
1278 1751 1413 1790 antea
1446 1748 1571 1796 sient,
1600 1748 1731 1804 juxta

154 1822 294 1873 ortos,
317 1833 433 1876 quos
454 1820 512 1862 ab
538 1820 698 1863 eodem
719 1820 931 1876 episcopo
961 1823 1107 1872 tene0‚
1137 1820 1265 1875 juxta
1295 1820 1485 1862 fluvium
1511 1823 1724 1867 sumone,

154 1891 309 1935 sintin
327 1891 438 1934 ortis
467 1891 538 1934 vel
562 1891 721 1934 vineis.

210 1963 264 2006 Et
284 1976 368 2018 ego
387 1963 635 2016 Johannes,
665 1963 1000 2018 Magalonensis
1023 1964 1277 2019 episcopus.
1302 1963 1435 2005 laudo
1461 1966 1503 2004 et
1531 1964 1726 2005 concedo

152 2034 256 2084 tibi,
288 2033 576 2093 R[aimundo]
607 2036 760 2083 Petro,
801 2035 1000 2077 hostium
1029 2035 1205 2077 clocnrii
1235 2034 1391 2086 nostri,
1422 2035 1543 2090 quod
1573 2038 1641 2077 ost
1669 2049 1724 2077 ex

149 2109 276 2163 parte
299 2106 365 2149 tui
391 2106 566 2153 estaris,
598 2109 649 2149 ut
679 2107 826 2162 possis
861 2106 964 2149 inde
992 2107 1035 2148 in
1064 2107 1297 2149 ‹ucles-inni
1327 2107 1493 2148 intrare
1515 2108 1568 2148 acl
1594 2120 1725 2148 omn-

148 2178 259 2221 dum
286 2181 331 2221 et
363 2177 655 2221 serviendum
695 2179 902 2221 Domino.
935 2179 986 2220 Et
1018 2179 1053 2219 si
1088 2178 1198 2219 forte
1227 2178 1428 2219 eveniret
1455 2177 1716 2232 aliquando.

147 2250 270 2306 quod
301 2249 439 2298 alius,
486 2249 585 2306 jure
622 2250 922 2306 potestativo,
963 2250 1117 2291 turrim
1163 2250 1315 2304 aliquo
1366 2250 1500 2290 niodo
1531 2253 1715 2299 teneret,

146 2320 321 2364 tamdiu
347 2322 557 2364 sacerdos
587 2321 772 2364 ecclesie
806 2321 948 2377 possit
972 2322 1119 2377 ipsum
1145 2321 1342 2362 hostium
1375 2321 1486 2363 benc
1518 2320 1714 2363 firmare.

143 2395 189 2435 et
209 2391 441 2436 firmatum
473 2392 662 2436 interius
689 2396 857 2439 tenere,
889 2394 1033 2435 donec
1060 2391 1373 2450 lllainiuntlus]
1412 2392 1526 2434 Petri
1559 2392 1715 2433 turrim

141 2475 273 2506 suam
312 2466 613 2521 recuperaret.
660 2464 844 2507 Clavem
884 2467 1035 2506 autem
1073 2463 1296 2505 inferioris
1334 2463 1469 2505 hostii
1509 2466 1551 2505 et
1591 2466 1715 2518 trape

141 2537 294 2578 teneat
337 2536 546 2579 sacerdos
592 2535 803 2583 ecclesie,
854 2540 899 2578 et
945 2536 1081 2578 libere
1132 2549 1311 2590 semper
1358 2535 1500 2590 possitv
1548 2535 1713 2576 habere

139 2605 383 2650 clocarium
403 2607 576 2663 absque
598 2608 722 2650 omni
747 2607 1089 2663 impedimento.

197 2678 245 2721 Si
272 2680 447 2731 tamen,
484 2682 669 2735 propter
697 2692 907 2734 guerram
942 2682 1018 2721 aut
1048 2681 1231 2733 propter
1253 2681 1423 2719 nictum
1450 2677 1709 2719 amissionis

134 2749 242 2793 ville
263 2751 353 2796 tue.
384 2764 466 2806 pro
486 2751 672 2793 arbitrio
695 2764 796 2792 meo
827 2750 895 2793 vel
927 2749 1198 2792 successoris
1232 2749 1334 2795 mvi,
1361 2748 1600 2790 clocarium
1628 2748 1705 2790 tibi

133 2824 254 2865 esset
288 2821 624 2870 necessarium,
661 2822 848 2865 consilio
886 2822 974 2864 inci
1010 2822 1075 2864 vel
1119 2820 1389 2863 sum-essoris
1424 2820 1510 2862 mei
1549 2834 1705 2875 posses

131 2892 300 2937 habere
320 2896 590 2950 potestatem
620 2885 844 2936 inferioris
872 2893 1012 2936 clavis
1040 2896 1083 2935 et
1112 2896 1253 2948 trnpe.
1286 2895 1329 2933 et
1359 2891 1500 2947 ipsius
1527 2891 1704 2933 clocarii
