2100 3583
810 331 1068 374 -225—

150 402 234 445 hoc
258 403 358 459 juro
387 418 493 460 ego,
536 407 818 452 Raimundns
848 416 1158 468 supradictus,
1193 433 1263 461 1110
1300 423 1579 466 redditurum
1620 425 1716 470 tibi.

148 473 337 517 Beatrici
366 478 695 534 suprascripte,
726 480 877 536 ipsum
906 489 1102 528 castrum
1133 491 1187 532 de
1217 492 1446 547 Agangio,
1482 498 1527 537 et
1562 510 1722 539 omncs

148 543 326 594 forcias,
359 561 447 602 que
474 548 519 590 in
545 552 692 593 castro
722 552 818 595 sive
854 555 959 597 villa
986 562 1240 603 constructo
1274 567 1406 612 sunt,
1434 566 1503 608 vol
1532 567 1576 609 in
1608 567 1725 611 sutu-

148 628 251 658 rum
277 630 303 659 a
331 631 403 660 me
425 618 521 662 sive
542 634 622 676 per
643 635 715 664 me
736 628 1069 677 construentur,
1104 631 1405 687 integerrimo.
1439 637 1534 679 sine
1566 638 1720 683 frande

148 688 194 729 et
218 687 344 736 dolo;
377 689 442 732 ita
461 692 584 746 quod
612 694 660 734 tu
687 694 841 737 valeas
871 700 1163 752 potestative.
1199 706 1414 761 tanquam
1441 709 1640 758 domina,
1673 711 1716 753 in

145 757 245 814 ipso
271 762 418 803 castro
440 761 535 805 sive
558 763 666 807 villa
686 765 928 822 disponere
950 773 994 812 et
1016 774 1196 822 morari,
1221 779 1602 836 quandocumque
1625 795 1712 830 me,

142 842 226 886 per
252 832 310 880 te,
342 831 414 874 vel
441 834 658 877 nuncium
683 838 828 889 tuum,
854 839 950 882 sive
973 843 1177 892 nuncios,
1204 851 1560 900 cominonuei·is;
1588 866 1668 896 nec
1691 868 1717 896 a

141 903 495 947 commonitione
515 908 592 948 tua
611 920 681 949 me
702 908 856 964 aliqua
870 914 966 954 arte
987 914 1055 955 vel
1077 917 1411 963 machinatione
1427 923 1709 974 subtraham,

142 985 290 1029 neque
329 977 762 1022 commonitionibus
798 994 932 1037 asper
975 985 1040 1026 vel
1082 986 1325 1042 injuriosus
1362 992 1586 1043 oxistam;
1630 1010 1711 1037 nec

141 1042 341 1100 aliquem
369 1046 440 1088 vel
467 1047 660 1104 aliquos,
693 1065 808 1106 quos
835 1055 1074 1108 prohibere
1104 1059 1295 1109 valeam,
1331 1062 1572 1119 injuriosos
1594 1067 1712 1109 exis-

141 1116 236 1158 tere
269 1116 518 1173 patiar(1);
562 1120 702 1163 immo
737 1126 1112 1180 commonitores,
1157 1133 1373 1187 tanquam
1401 1136 1584 1179 domine
1614 1152 1712 1181 mee

140 1179 347 1237 nuntios,
378 1188 574 1234 fideliter
599 1193 805 1243 audiam,
838 1199 882 1238 et
910 1198 1103 1253 benigne
1134 1202 1368 1258 recipiam;
1402 1220 1482 1249 nec
1513 1208 1590 1250 tibi
1619 1223 1712 1252 vas-

140 1259 260 1301 trum
285 1261 588 1317 prescriptum
617 1263 712 1307 sive
741 1264 902 1310 tercias
930 1269 975 1311 in
1004 1272 1147 1313 totum
1179 1278 1411 1328 partemve
1436 1281 1608 1334 negabo
1627 1280 1706 1335 (2),

138 1342 286 1386 neque
305 1331 525 1376 auferam.
556 1334 608 1378 Et
631 1335 668 1378 si
688 1337 852 1394 aliquis
877 1340 1008 1383 michi
1035 1343 1104 1384 vel
1130 1344 1209 1386 tibi
1230 1347 1461 1394 aufferret,
1486 1364 1586 1393 cum
1613 1353 1709 1407 ipso

135 1400 312 1445 nullum
339 1402 485 1454 sedus,
518 1407 691 1450 nullam
718 1409 997 1461 societatem,
1019 1414 1103 1456 nisi
1125 1430 1205 1470 pro
1228 1420 1410 1462 castello
1439 1421 1534 1464 sive
1558 1423 1706 1466 soi-ciis

134 1476 455 1529 recuperandis
476 1477 676 1527 habebo;
699 1483 757 1529 et,
776 1485 879 1537 post
899 1487 1305 1541 recuperationem,
1327 1491 1402 1533 tihi
1426 1492 1703 1545 fidelissinm,

134 1546 385 1589 secundum
411 1549 534 1604 quod
562 1552 923 1609 suprascriptum
959 1559 1040 1605 cst,
1080 1557 1228 1613 ipsum
1252 1565 1449 1605 castrum
1473 1568 1516 1607 et
1545 1565 1705 1609 soi-cias

131 1613 250 1658 infra
281 1619 381 1660 octo
402 1619 523 1670 dies,
548 1634 576 1663 a
602 1621 675 1665 die
709 1627 1077 1671 commonitionis
1121 1633 1193 1672 tue
1234 1637 1569 1682 numerandos,
1611 1640 1707 1681 red-

131 1685 236 1729 dam
257 1687 337 1744 (3).
361 1689 457 1733 Sub
477 1691 561 1735 hoc
587 1693 728 1737 eciam
748 1699 1083 1743 successoribus
1108 1702 1194 1744 tuis
1210 1706 1468 1761 constringo
1489 1712 1533 1750 01
1554 1710 1704 1765 obligo

129 1759 397 1814 specialiter,
425 1762 582 1819 jurans
609 1767 731 1821 qnod
758 1768 1026 1826 cuicumque
1054 1776 1250 1816 castrum
1274 1779 1629 1834 suprascriptum
1660 1786 1703 1825 et

129 1827 291 1874 forcias
305 1833 502 1884 donabo,
520 1835 616 1879 sive
629 1837 900 1894 relinquam,
919 1843 1003 1884 sub
1025 1843 1487 1903 lege1)resc1·i1·›t.‹·n·nm
1506 1865 1702 1895 conven-

128 1898 699 1962 tionum‘complendarum
726 1913 770 1952 et
792 1915 1118 1957 servandarum
1146 1919 1414 1962 transferam
1438 1936 1445 1968 ;
1479 1923 1694 1970 adiciens,

124 1975 170 2016 et
195 1974 448 2030 specialiter
468 1979 645 2022 donans
675 1981 754 2023 tibi
783 1986 826 2025 et
855 1987 1194 2031 successoribus
1218 1990 1304 2031 tuis
1329 1991 1475 2046 ipsnm
1500 1998 1697 2038 castrum

123 2045 179 2088 de
206 2046 425 2103 Agangio,
465 2052 509 2093 et
537 2050 713 2101 forcias,
746 2054 861 2097 sicut
888 2070 914 2098 a
945 2059 1000 2105 te,
1034 2058 1152 2101 tendi
1187 2061 1330 2106 titulo.
1369 2065 1593 2118 possideo,
1629 2081 1699 2110 me

52 2157 58 2165 ,
124 2117 358 2172 possidere
379 2121 611 2176 profiteor.

184 2189 231 2232 Si
258 2190 330 2234 ille
361 2192 432 2236 vel
467 2193 567 2244 illa,
605 2196 681 2252 qui
712 2198 783 2239 vel
819 2213 905 2254 qne
938 2201 1071 2243 michi
1108 2203 1151 2244 in
1189 2208 1334 2246 castro
1371 2209 1690 2265 suprascripto,

56 2290 63 2300 .
122 2260 327 2317 quolibet
347 2265 498 2319 modo,
521 2269 801 2317 successerit,
822 2272 1144 2316 conventiones
1168 2279 1497 2333 suprascriptas
1522 2281 1597 2321 tibi
1624 2282 1691 2323 vet

0 2322 3 2326 ’
39 2319 47 2333 ³
121 2334 459 2379 successoribus
490 2337 608 2387 tuis,
644 2353 724 2395 per
751 2343 792 2383 te
822 2342 889 2383 vol
920 2357 1203 2387 successoros·
1234 2350 1333 2389 tuos
1367 2352 1686 2399 commonitus,

52 2390 65 2418 ⁸
120 2403 192 2446 vel
223 2407 521 2457 commonita,
553 2409 672 2453 inira
697 2425 868 2455 annum
898 2413 1042 2458 facero
1079 2418 1292 2466 noluerit,
1327 2421 1394 2462 wi
1428 2421 1566 2464 tactas
1601 2438 1688 2466 non

118 2477 384 2527 servaverit,
415 2480 473 2522 ad
500 2480 585 2524 hoc
612 2482 649 2524 si
681 2487 843 2538 agente
873 2485 1086 2542 episcopo
1119 2489 1449 2543 Magalonensi,
1484 2494 1552 2536 vel
1589 2495 1691 2537 Ber-

0 2581 6 2599 ,
63 2558 67 2564 ·
116 2547 278 2592 trando
294 2549 350 2592 de
365 2550 585 2602 Andusia,
608 2558 793 2611 propter
811 2559 1152 2603 conventiones.
1180 2562 1247 2603 vet
1271 2568 1568 2618 sacramenta,
1591 2567 1686 2608 sive

70 2642 78 2652 =
114 2617 439 2672 confessiones,
472 2623 544 2667 vel
571 2626 853 2670 reddiciones
881 2642 905 2670 a
937 2643 1006 2671 1110
1038 2630 1191 2678 iactas,
1225 2633 1406 2689 aliquod
1436 2637 1685 2692 dampnum

51 2720 69 2729 -
116 2688 198 2733 tibi
230 2691 303 2735 vel
343 2696 680 2741 successoribus
719 2698 804 2740 tuis
843 2701 1106 2756 contigerit,
1155 2717 1224 2745 me
1269 2719 1402 2748 omne
1436 2709 1686 2763 dampnum

163 2873 214 2923 (1)
241 2875 369 2915 Cart.:
389 2882 531 2924 pacta.

161 2932 209 2982 (2)
239 2935 366 2974 Carta
391 2939 549 2977 necabo.

160 2991 210 3041 (3)
239 2994 367 3033 Cart.:
390 2997 572 3036 reddere.

236 3064 325 3099 Can.
347 3066 389 3100 de
407 3068 500 3112 May.
522 3088 560 3094 —
585 3071 621 3103 T.
648 3071 662 3102 1
1527 3085 1561 3116 17
