2164 3551
1133 311 1185 315 —
1219 284 1305 328 404
1339 310 1392 316 ——

469 366 753 416 Guillelmus„
778 367 1115 421 Magaloncnsis
1137 369 1452 423 episcopus...
1474 352 1621 409 'laudo
1649 370 1693 409 et
1720 368 1915 409 concedo
1946 368 2041 416 tibi,

470 438 710 479 (juillelino
725 439 996 485 Ghausaldo,
1018 442 1062 481 et
1083 439 1170 481 tuis
1192 440 1546 494 imperpetuum.
1568 439 1735 480 scilicet
1751 442 1894 480 totum
1918 439 2045 480 illum

470 522 711 559 mansum,
744 509 822 564 qui
860 512 1047 551 vocatur
1087 524 1275 552 mansus
1308 512 1362 552 de
1398 510 1441 551 la
1474 510 1646 557 Lausa‚
1678 510 1755 565 qui
1789 510 1874 552 fuit
1904 510 2045 565 patris

471 579 533 620 tui
564 579 681 621 Petri
702 580 927 621 Brunonis
951 582 1006 622 dc
1029 581 1071 622 la
1093 582 1237 623 Lausa
1255 582 1333 635 (1),
1356 594 1457 622 cum
1477 580 1690 622 omnihus
1711 580 1854 629 terris,
1880 581 2040 629 vineis,

468 650 708 699 casalibus,
747 651 967 693 localibus
989 652 1068 705 (2),
1100 653 1256 707 pratis,
1288 652 1485 707 pascuis,
1518 651 1730 699 heremis,
1762 655 1807 693 et
1827 665 1930 694 cum
1949 665 2045 694 om-

467 721 601 763 nibus
630 721 761 763 cultis
790 725 833 763 et
861 722 1059 774 incultis,
1091 726 1135 765 et
1161 737 1263 765 cum
1293 723 1507 764 omnibus
1536 736 1625 777 que
1653 723 1709 764 ad
1731 723 1882 778 ipsum
1909 723 2044 779 perti-

468 794 601 837 nent,
641 791 752 849 [seu]
790 793 1014 847 pertinere
1050 797 1243 849 possunt
1271 794 1341 835 vel
1370 794 1558 844 ‹lebent3
1590 793 1669 848 qui
1699 806 1887 835 mansus
1909 793 2043 835 estin

466 864 705 917 parrochia
731 864 883 906 Sancti
909 865 1128 920 Stephani
1155 867 1209 907 de
1238 865 1458 920 Bejanicis
1487 868 1531 906 et
1559 865 1711 906 Sancti
1739 864 1958 907 Johannis
1986 865 2041 907 de

465 934 641 979 chaz:
674 949 810 990 quem
852 949 1064 978 mansum
1099 939 1146 978 tu
1174 940 1217 978 et
1245 940 1555 978 antecessores
1578 936 1643 977 tui
1665 937 1720 978 de
1749 949 1822 978 me
1850 939 1894 978 et
1918 939 2042 978 ante-

465 1007 720 1047 cessoribus
750 1007 862 1048 meis
892 1008 1115 1049 habuistis
1144 1011 1187 1050 et
1217 1007 1440 1058 tenuistis,
1467 1007 1527 1049 ita
1548 1009 1668 1062 quod
1692 1007 1877 1049 nomine
1898 1007 2042 1062 ipsius

466 1078 628 1128 mansi,
654 1078 844 1132 singulis
865 1079 1012 1131 annis,
1040 1079 1272 1122 faciebatis
1295 1079 1531 1133 albei-gum
1560 1079 1696 1120 XVIII
1720 1078 1916 1120 militum
1939 1092 2041 1120 cum

464 1162 543 1190 sex
574 1149 783 1191 sextariis
812 1151 935 1192 ordei
964 1165 1045 1206 pro
1075 1151 1256 1196 civada;
1292 1154 1333 1192 et
1369 1151 1548 1192 dabatis
1575 1164 1656 1205 pro
1693 1150 1864 1192 usatico
1897 1163 2040 1191 unum

462 1234 665 1275 porcum.
693 1224 736 1263 et
757 1235 900 1263 unum
923 1225 1174 1267 mutonem,
1202 1226 1243 1264 ct
1274 1236 1416 1263 unuin
1445 1235 1615 1276 agnum
1634 1221 1714 1277 (3),
1752 1224 1796 1263 et
1817 1224 1917 1263 octo
1940 1234 2041 1263 sex-

462 1292 575 1334 taria
593 1292 823 1345 frumenti,
846 1296 889 1335 et
904 1294 1143 1336 duodecim
1162 1294 1359 1336 sextaria
1380 1293 1490 1344 vini,
1510 1296 1554 1335 et
1571 1293 1812 1335 duodecim
1830 1292 2039 1335 denarios

462 1377 543 1418 pro
569 1364 700 1405 obliis
721 1365 797 1418 (4),
830 1368 873 1407 et
901 1368 1114 1420 quartum
1136 1366 1266 1421 panis
1293 1368 1335 1407 et
1358 1365 1466 1408 vini.
1495 1368 1537 1407 et
1564 1378 1734 1419 agnum
1765 1363 1972 1421 veqairal
1997 1368 2040 1406 et

463 1449 606 1476 unum
637 1436 891 1478 bovarium.

526 1508 784 1549 l'rcterea...
820 1508 955 1550 laudo
993 1512 1035 1550 et
1069 1510 1265 1551 concedo
1302 1509 1381 1550 tibi
1413 1512 1457 1550 et
1486 1508 1822 1551 successoribus
1847 1508 1935 1550 tuis
1956 1508 2039 1550 im-

462 1582 756 1634 perpetuum,
789 1583 986 1635 quatuor
1013 1581 1274 1623 cartariatas
1300 1581 1446 1633 vinee,
1475 1594 1563 1636 que
1585 1580 1767 1622 fuerunt
1794 1581 1849 1622 de
1877 1593 2037 1622 manso

461 1652 509 1692 B.
541 1652 595 1693 de
620 1651 863 1707 Bejanicis;
889 1653 943 1694 de
966 1652 1132 1708 quibus
1155 1652 1333 1694 dabatis
1356 1656 1570 1708 quartum
1593 1655 1637 1694 et
1657 1651 1878 1707 gardiam.
1905 1651 2038 1694 Simi-

458 1723 561 1765 liter
582 1724 717 1765 laudo
748 1727 792 1765 et
827 1725 1024 1766 concedo
1046 1725 1128 1766 tihi
1151 1727 1195 1766 et
1223 1724 1311 1766 tuis
1332 1725 1537 1767 clausum
1562 1724 1724 1773 mansi,
1750 1724 1804 1765 de
1827 1737 1917 1779 quo
1946 1737 2035 1766 non

461 1795 637 1837 dabatis
659 1796 720 1850 (ὃ)
747 1798 977 1851 quartum,
1011 1797 1089 1838 sed
1111 1810 1193 1852 pro
1216 1796 1314 1851 ipso
1338 1799 1499 1851 quarto
1518 1795 1697 1838 dabatis
1718 1796 2036 1838 tantummodo

461 1880 602 1908 unum
624 1881 828 1922 porcum.

518 1938 569 1979 Et
591 1938 826 1993 quoniam,
852 1942 1037 1994 propter
1058 1939 1329 1982 instanciam
1349 1953 1618 1995 guerrarum
1640 1939 1806 1995 quibus
1833 1938 1912 1982 diu
1933 1952 2036 1994 pro—

458 2010 605 2052 vincia
638 2010 724 2052 ista
760 2014 927 2053 vexata
954 2014 1037 2059 est,
1070 2014 1113 2053 et
1146 2012 1253 2067 quia
1289 2011 1351 2053 ibi
1380 2011 1651 2054 multociens
1680 2011 1954 2067 depredatos
1972 2010 2035 2066 (6)

458 2082 653 2124 honores
684 2083 819 2138 hujus
860 2083 1007 2125 mansi
1037 2084 1243 2125 excolere
1278 2098 1367 2125 non
1409 2083 1612 2139 potuisti,
1654 2096 1736 2125 nec
1775 2081 2035 2138 supradicta

458 2154 629 2195 usatica
652 2168 709 2195 ex
732 2154 951 2197 fructibus
970 2155 1114 2210 ipsius
1134 2155 1280 2196 mansi
1303 2156 1556 2203 exsolvere,
1577 2169 1658 2210 per
1677 2169 1747 2197 me
1770 2157 1815 2198 et
1834 2168 1916 2210 per
1936 2167 2035 2196 suc-

455 2239 657 2267 cessores
700 2239 824 2268 ineos
863 2226 990 2268 solvo
1032 2229 1076 2268 el>
1115 2228 1295 2268 remitto
1337 2226 1432 2278 tibi,
1476 2227 1527 2269 G.
1554 2226 1828 2279 Chausaldo,
1867 2228 1911 2268 et
1944 2225 2033 2268 tuis

454 2297 808 2352 imperpetuum,
837 2298 991 2340 omnia
1019 2298 1218 2353 predicta
1251 2299 1438 2341 usatica.
1466 2302 1510 2341 et
1536 2303 1750 2354 quartum
1777 2297 2031 2354 predictum

455 2368 597 2411 tocius
630 2370 805 2418 mansi,
838 2373 881 2412 ct
917 2373 1131 2425 quartum
1167 2374 1208 2412 et
1246 2371 1449 2425 gardiam
1490 2370 1796 2426 predictarum
1836 2373 2033 2426 quatuor
2075 2401 2078 2406 .

453 2441 840 2486 cartairiataruni.
883 2445 926 2484 et
952 2442 1155 2497 predicta
1183 2442 1337 2484 onmia
1369 2442 1566 2496 usatica,
1599 2442 1738 2485 salvis
1773 2445 1817 2484 et
1844 2441 2030 2484 retentis

454 2513 589 2554 michi
611 2516 653 2555 et
672 2514 1010 2556 successoribus
1031 2514 1160 2566 meis,
1186 2514 1376 2567 singulis
1394 2515 1542 2563 annis,
1556 2516 1612 2557 ad
1633 2515 1799 2556 festum
1814 2514 2029 2557 Omnium

501 2670 549 2714 (1)
575 2671 701 2706 Cart.:
726 2670 773 2705 (la
795 2671 987 2705 Zalausrt.

497 2729 543 2775 (27Ὶ
576 2731 700 2765 Cam:
728 2730 945 2766 vocalibus.

495 2790 541 2835 ‹3s
573 2790 698 2826 Cart.:
723 2801 915 2835 anquam.

494 2849 540 2895 (4)
572 2849 697 2885 Cart.:
719 2850 870 2885 oblicis.

491 2908 539 2949 (53
569 2910 693 2945 Cart.:
725 2909 892 2944 dabitis.

493 2968 539 3014 (0)
570 2969 696 3005 Cart.:
721 2969 987 3015 depredatus.
