2100 3583
776 326 829 331 —
864 299 943 342 171
983 327 1036 331 —

121 383 317 426 concedo
334 382 431 435 tibi,
449 383 696 425 Bertrando
714 383 946 426 Gaucelmi
965 385 1019 426 de
1042 384 1242 432 Arsacio,
1266 387 1310 427 et
1332 384 1428 430 tibi,
1448 383 1692 427 Guillclmo

122 453 359 501 Bernardi,
393 457 437 496 et
470 453 569 501 tibi,
612 454 839 496 Bernardo
867 455 921 497 (13
957 455 1172 498 Laurcto.
1209 455 1443 502 iratribus,
1477 455 1693 511 quicquid

122 524 332 568 videlicet
366 525 610 572 hahemus,
650 525 722 567 vel
760 525 925 567 habere
964 527 1205 573 debemus,
1244 541 1302 569 cx
1344 529 1616 569 testamento
1651 530 1694 568 et

120 596 365 640 donatione
394 596 650 652 Raymundi
678 597 878 648 Arberti,
910 597 954 638 13
978 600 1072 639 tota
1094 598 1329 653 parrochia
1359 598 1510 640 Sancti
1539 598 1694 639 Briccii

122 667 178 710 de
205 667 419 714 Laureto,
451 670 495 709 et
530 667 681 710 Sancti
715 667 830 710 Petri
862 668 916 710 (13
952 668 1213 711 Yaifcnncz.
1255 669 1344 711 Hec
1376 672 1545 712 autem.
1571 672 1621 710 ut
1650 669 1694 710 13

122 740 355 795 posterum
377 738 541 781 melius
561 741 906 794 cognoscantur,
933 739 1026 781 suis
1054 740 1248 795 propriis
1269 740 1590 795 distinguenda
1618 753 1693 781 no-

124 808 324 852 minibus
350 812 628 865 oportunum
653 823 751 852 esse
779 810 1093 865 cognovimus.

184 881 301 924 Sunt
337 880 474 937 igitur
510 881 557 922 in
596 881 679 924 hac
715 881 1006 924 concessione
1046 881 1193 930 feudi,
1243 885 1286 924 et
1326 884 1379 924 (13
1419 883 1502 925 1103
1540 882 1691 925 feudo.

123 965 314 996 mansus
343 952 580 995 Trimundi
612 966 715 994 cum
744 954 964 995 tenedonc
994 967 1097 996 sua.
1130 957 1171 995 et
1202 968 1388 996 mansus
1416 955 1469 996 de
1499 954 1696 997 Olivario

125 1037 229 1067 cum
250 1024 474 1067 tenedone
495 1037 578 1067 sua
602 1039 610 1071 ;
640 1025 889 1080 apennaria
909 1024 981 1066 dal
1003 1025 1149 1068 Vinal.
1173 1039 1275 1067 cum
1299 1026 1384 1067 hiis
1407 1039 1496 1081 que
1517 1027 1572 1067 ad
1597 1039 1695 1068 33111

124 1094 380 1152 pertinent;
412 1098 457 1138 et
491 1096 650 1138 Petrus
683 1095 902 1152 Raynaldi
933 1110 1035 1139 cum
1062 1097 1349 1152 possessione
1372 1110 1484 1140 sua:
1516 1097 1699 1140 Guillcl-

126 1179 229 1210 mus
249 1167 305 1210 de
327 1166 465 1210 Plano
483 1180 585 1209 cum
605 1167 827 1210 tenedone
849 1181 933 1210 sua
954 1183 962 1210 :
993 1171 1037 1209 ct
1059 1169 1308 1223 apennaria
1330 1169 1481 1211 Poncii
1498 1168 1695 1210 Jathaldi

125 1250 227 1281 cum
246 1237 531 1293 pertinentiis
559 1238 677 1286 suis;
708 1238 900 1281 Poncius
922 1239 978 1281 (13
1000 1239 1138 1281 Fonte
1159 1253 1262 1281 cum
1283 1240 1571 1295 possessione
1596 1253 1693 1282 sua.

125 1311 172 1352 31
188 1309 418 1352 Durantus
439 1310 496 1352 de
515 1309 661 1352 Dolva
677 1323 779 1352 cum
801 1310 1049 1365 apennaria
1070 1311 1125 1352 (13
1148 1311 1189 1352 13
1211 1311 1386 1353 Devcsa
1405 1326 1412 1354 ;
1437 1311 1697 1366 Stephanus

124 1380 246 1424 dela
269 1380 406 1424 Costa
430 1394 534 1424 cum
561 1381 811 1437 apennaria
831 1382 886 1424 de
909 1382 951 1424 13
971 1382 1105 1425 Costa
1124 1397 1132 1429 ;
1170 1385 1214 1424 et
1235 1383 1319 1425 hoc
1339 1384 1461 1438 quod
1486 1383 1698 1424 1131311111-

125 1453 212 1496 dus
237 1452 417 1495 Arberti
444 1453 657 1501 habebat,
688 1453 733 1495 id
759 1456 828 1495 est
849 1453 1069 1496 medietas
1098 1454 1142 1495 in
1170 1454 1306 1496 bosco
1334 1457 1377 1496 et
1401 1454 1616 1496 1110113310
1643 1455 1697 1495 (13

125 1523 284 1573 Dolva,
314 1527 360 1567 et
384 1524 430 1566 in
457 1524 720 1567 molendino
746 1525 802 1567 de
829 1525 871 1567 13
894 1525 1126 1571 Reclausa,
1159 1529 1204 1568 ct
1230 1539 1320 1567 una
1345 1540 1542 1583 pat-rans
1569 1525 1700 1580 juxta

125 1595 281 1638 villam
313 1596 370 1638 de
401 1596 618 1644 Laureto,
655 1600 699 1639 et
728 1596 949 1639 olivetum
984 1598 1103 1652 quod
1146 1601 1215 1640 est
1245 1598 1374 1653 juxta
1412 1598 1617 1640 furnum.
1656 1600 1701 1639 et

126 1667 309 1710 vineam
334 1668 391 1711 de
417 1667 648 1713 Calcadiz:
690 1672 735 1710 et
762 1667 948 1711 feudum
989 1670 1108 1724 quod
1154 1670 1309 1711 Petrus
1351 1669 1605 1725 Raymnndi
1644 1669 1698 1710 (11·

125 1740 404 1783 Tornasaurs
443 1740 629 1783 tenebat
663 1741 718 1782 de
760 1740 1032 1797 Ray-mundo
1071 1741 1249 1783 Arbcrti
1293 1741 1336 1782 in
1380 1740 1616 1796 parrochia
1643 1741 1697 1781 de

124 1809 390 1860 Valfelnez;
427 1813 473 1854 et
506 1811 554 1854 in
586 1811 747 1854 eadem
782 1812 1019 1867 parrochia
1057 1815 1145 1854 tres
1174 1812 1350 1854 scstarii
1387 1812 1440 1853 dc
1469 1812 1615 1870 cix-ata
1653 1811 1698 1852 in

126 1894 287 1925 manso
307 1883 363 1925 (13
384 1882 597 1938 Spinacio
617 1885 662 1925 et
679 1885 770 1925 tres
791 1883 967 1925 sestarii
985 1884 1040 1925 (13
1062 1883 1209 1925 311313
1231 1883 1276 1924 13
1300 1896 1458 1925 manso
1480 1884 1534 1924 (13
1558 1883 1700 1925 Cana-

125 1952 269 2002 daliz;
298 1956 344 1996 et
363 1953 401 1996 si
427 1944 521 2010 qua
539 1956 645 1997 sunt
665 1954 755 1996 alia
774 1954 875 2010 jura
896 1968 977 1997 seu
1004 1954 1334 2010 possessiones.
1360 1954 1601 1996 homines.'
1621 1956 1700 1995 aut

127 2023 361 2074 mulieres,
409 2025 530 2068 culta
568 2025 664 2068 sive
703 2025 894 2069 inculta,
935 2039 1022 2081 que
1058 2026 1340 2067 l'taimundus
1382 2026 1583 2067 ,xi-berti.
1628 2024 1700 2067 vcl

125 2095 281 2153 homo.
304 2098 385 2139 aut
404 2095 590 2146 femina,
619 2109 701 2153 per
721 2096 872 2152 ipsum
892 2097 1170 2152 possidebat.
1196 2100 1240 2139 et
1262 2096 1492 2151 possidere
1516 2096 1698 2138 videba-

127 2168 215 2214 tur,
246 2167 292 2210 in
311 2169 408 2210 toto
427 2167 638 2211 terminio
665 2168 720 2210 de
744 2168 952 2216 Laureto,
977 2168 1049 2210 die
1070 2182 1160 2224 quo
1185 2182 1320 2210 suum
1342 2168 1543 2210 condidit
1562 2171 1700 2210 testa-

126 2241 355 2282 mentum.

185 2309 312 2354 Hanc
334 2311 489 2367 itaque
509 2310 633 2355 feudi
660 2311 998 2355 concessionem
1029 2311 1219 2354 facimus
1247 2311 1393 2355 vobis.
1426 2311 1700 2367 supradictis

127 2379 365 2432 fratribus,
402 2382 480 2426 tali
515 2383 695 2426 racione
722 2383 857 2439 pacti.
893 2386 966 2429 ut,
1008 2382 1199 2437 singulis
1233 2383 1392 2426 annis.
1425 2384 1482 2425 ad
1512 2383 1703 2424 Penthe-

127 2456 283 2497 oosten
308 2453 426 2497 detis
456 2454 741 2510 dispensario
778 2455 833 2497 de
867 2454 1126 2510 Magalona,
1174 2454 1243 2496 vel
1287 2454 1570 2496 mandatario
1598 2467 1697 2496 8110.

127 2524 366 2581 sexaginta
391 2525 561 2569 solidos
586 2525 909 2582 Melgorienses
937 2526 1135 2581 optimos
1169 2529 1212 2567 ct.
1240 2525 1335 2567 sinc
1364 2525 1695 2567 contrarietate.

185 2595 242 2640 Et
275 2596 511 2640 sciendum
530 2598 655 2654 quod
681 2597 833 2640 nullus
856 2600 1058 2640 vestrum
1089 2597 1454 2652 supradictorum
1494 2596 1698 2647 fratrum,

55 2684 58 2690 ·
127 2668 267 2712 modo
292 2668 390 2712 sive
409 2668 727 2725 imposterum.
759 2669 892 2711 debet
921 2682 967 2711 se
990 2682 1207 2711 excusare.
1233 2682 1311 2724 pro
1331 2682 1413 2710 sua
1433 2671 1557 2723 parte
1581 2683 1589 2721 ;
1621 2668 1699 2709 sed

129 2751 290 2784 omnes
320 2739 401 2783 uni
428 2742 633 2784 vestrum
661 2740 857 2783 indicere
885 2740 1077 2788 debetis,
1114 2743 1161 2782 ut
1190 2742 1336 2782 totum
1366 2740 1450 2782 1103
1473 2739 1703 2795 supradic-

60 2800 82 2843 .'
130 2813 229 2855 tum
272 2811 516 2855 servicium
561 2825 644 2855 suo
691 2815 893 2867 tempore
934 2811 1241 2866 Magal‹1›ncnsi
1279 2811 1564 2866 dispensario
1605 2810 1700 2852 sine

78 2920 81 2921 γ
129 2895 341 2940 enganno
363 2885 408 2927 et
424 2883 741 2927 contrarietate
769 2882 1013 2938 persolvat.

189 2954 352 2998 Adhuc
385 2957 540 2998 autem
578 2956 648 2997 est
684 2954 729 2996 in
768 2957 923 3010 pacto,
971 2956 1017 2995 ut
1058 2968 1174 2995 unu>
1215 2956 1441 3001 vestrum,
1475 2953 1552 3009 qui
1588 2953 1710 2995 hunc

259 3036 348 3073 Can.
368 3036 410 3070 de
428 3037 522 3081 naq.
543 3055 584 3062 -
605 3037 641 3068 T.
665 3036 677 3067 1
1552 3035 1588 3067 13
