2164 3551
1039 296 1302 338 —134—

391 380 600 422 dominos
645 379 785 421 dividi
831 379 1092 434 contigerit,
1137 380 1450 435 unusquisqne
1496 392 1652 421 eorum
1701 377 1954 420 hominium

391 451 601 506 episcopo
624 450 770 496 faciat,
795 452 839 491 et
860 450 1070 505 episcopo
1092 453 1135 492 et
1161 451 1353 493 Ecclesie
1376 464 1517 492 unum
1542 452 1890 492 sacramentum.

452 523 497 563 Si
534 536 639 563 vero
671 522 958 568 Guillelmus‚
991 522 1202 564 dominus
1223 521 1638 577 Montispessulani.
1670 521 1739 562 vel
1776 520 1851 562 ille
1879 510 1962 575 qui*

389 593 521 635 fuerit
550 592 760 634 dominus
793 593 926 635 castri
959 595 1013 635 de
1042 593 1228 642 Palude,
1267 594 1312 634 in
1340 595 1499 635 eodem
1530 596 1676 634 castro
1704 591 1956 647 cappellam

392 664 606 706 fabricare
646 664 851 706 voluerit.
887 665 1124 720 episcopus
1156 668 1197 706 et
1234 664 1431 707 canonici
1471 664 1815 718 Magalonenses
1855 675 1955 704 eam

389 735 617 777 decantari
639 738 947 790 competenter
974 739 1018 778 et
1038 737 1224 778 honeste
1251 736 1391 777 lacere
1419 737 1585 777 debent
1606 738 1649 776 et
1676 734 1953 782 consecrari3

390 806 615 861 predictus
643 820 750 848 vero
784 806 1050 849 Guillelmus
1082 807 1207 849 dabit
1243 810 1358 849 stare
1400 806 1619 849 sacerdoti
1652 806 1783 861 juxta
1810 805 1957 860 ipsam

390 877 635 919 ecclesiam.

448 949 509 990 De
545 950 721 991 duobus
756 949 1027 991 molendinis
1058 950 1102 990 in
1133 950 1299 991 Palude
1338 950 1472 990 modo
1501 948 1784 1000 constructis,
1818 947 1890 989 vel
1919 947 1957 989 si

388 1020 498 1062 alias
529 1023 944 1075 transponerentur.
979 1021 1064 1062 biis
1087 1021 1267 1076 penitus
1290 1020 1544 1067 destructis,
1576 1021 1713 1061 donet
1734 1019 1955 1075 integram

388 1091 611 1133 decimam
639 1092 895 1133 communie
923 1092 1038 1134 beati
1073 1092 1202 1133 Petri.
1243 1092 1288 1132 si
1318 1105 1424 1133 vero
1460 1104 1579 1132 nova
1600 1090 1859 1132 molendina
1880 1104 1954 1132 ex-

390 1163 678 1204 truherentur
716 1163 759 1203 in
795 1164 955 1205 eodem
995 1163 1225 1206 terminio,
1261 1163 1344 1204 biis
1377 1163 1555 1204 dnobus
1589 1161 1953 1211 remanentibus,

389 1235 464 1275 sed
489 1234 888 1276 deteriores-ionem
921 1234 1255 1289 recipientibus,
1290 1234 1611 1276 detrimentum
1641 1233 1813 1275 decime
1835 1234 1958 1289 quod

387 1308 618 1360 pateretur
638 1306 895 1348 communia
925 1307 1043 1348 beati
1078 1307 1194 1348 Petri
1228 1308 1413 1361 propter
1444 1319 1557 1347 nova
1590 1305 1865 1358 molendina,
1899 1318 1957 1346 ex

388 1377 519 1418 novis
547 1377 818 1419 molendinis
847 1378 1126 1419 resarciatur.

447 1449 509 1490 De
536 1452 669 1503 portu
690 1449 751 1490 ita
778 1449 947 1491 dictum
970 1453 1051 1501 est,
1078 1451 1200 1505 quod
1220 1453 1355 1492 nante
1377 1451 1564 1492 liberam
1588 1449 1787 1491 habeant
1807 1450 1958 1503 potes-

388 1523 525 1562 tatem
541 1520 798 1575 appellendi
815 1523 1049 1563 Tavanuin
1066 1522 1137 1563 vel
1155 1523 1209 1563 ad
1229 1525 1408 1577 portum
1434 1524 1487 1564 de
1507 1521 1626 1563 Latis
1643 1521 1678 1563 si
1700 1519 1953 1567 voluerint;

387 1594 431 1633 et
467 1592 503 1633 si
543 1591 587 1633 in
626 1596 759 1647 portu
795 1594 848 1634 de.
887 1594 1006 1635 Latis
1044 1596 1226 1648 propter
1269 1594 1555 1635 securitatem
1597 1593 1679 1634 loci
1721 1605 1956 1634 remanere

387 1663 626 1710 voluerint,
656 1664 916 1706 nullomodo
940 1665 1266 1719 prohibeantur
1289 1681 1296 1706 2
1329 1666 1405 1707 sed
1431 1665 1715 1710 (cinillelnins
1742 1664 1957 1706 dominns

387 1734 782 1789 Montispesulani,
827 1736 895 1777 vel
937 1737 1143 1778 homines
1177 1737 1347 1791 ipsius.v
1390 1737 1459 1778 vel
1497 1736 1710 1778 dominus
1737 1735 1872 1777 castri
1902 1736 1957 1778 de

388 1806 554 1848 Palude
576 1820 666 1848 non
693 1807 898 1849 auferant
921 1822 1054 1850 suum
1083 1822 1267 1850 censum
1298 1809 1489 1850 Ecclesie
1518 1807 1825 1863 Magalonensi
1857 1820 1953 1850 nec.

387 1877 431 1918 in
455 1877 701 1920 auferendo
723 1879 800 1933 (l),
833 1893 966 1934 opem
991 1880 1061 1921 vel
1083 1881 1321 1922 consilium
1350 1882 1582 1935 prebeant.

446 1950 508 1991 De
536 1950 797 1992 hominibus
818 1951 1017 2006 quisunt
1038 1952 1106 1993 vel
1132 1966 1230 1993 esse
1253 1953 1419 1993 debent
1449 1952 1653 1994 homines
1676 1951 1795 1993 beati
1819 1950 1953 2000 Petri,

389 2021 630 2063 retinentes
652 2022 722 2063 vel
747 2023 936 2065 retinere
959 2023 1162 2065 volentes
1187 2037 1368 2065 mansos
1391 2027 1430 2065 el
1456 2025 1650 2065 honores
1674 2022 1792 2065 beati
1818 2022 1951 2070 Petri,

387 2093 463 2147 qui
492 2093 774 2136 intraverunt
797 2095 864 2135 vel
889 2094 1152 2137 intraverint
1177 2096 1653 2150 Montempesulanum
1673 2109 1809 2137 causa
1831 2094 1958 2137 habi-

389 2164 533 2212 tandi,
558 2165 616 2206 ita
646 2165 815 2207 (lictum
847 2170 934 2211 est,
975 2170 1046 2219 nt,
1084 2168 1154 2209 vel
1184 2169 1367 2209 redeant
1394 2169 1446 2209 ad
1480 2181 1663 2209 mansos
1691 2169 1735 2209 et
1763 2167 1957 2209 honores

387 2235 503 2276 beati
526 2236 657 2284 Petri,
681 2237 928 2279 existentes
950 2239 1154 2280 homines
1177 2239 1334 2294 ipsius„
1362 2240 1512 2294 ibiqne
1535 2240 1807 2295 agriculture
1828 2239 1961 2281 insis-

388 2310 553 2355 tentes,
587 2308 629 2349 in
669 2313 1251 2364 perpetuumremaneant:
1281 2311 1370 2359 vel,
1407 2312 1441 2352 si
1475 2311 1616 2353 redire
1650 2311 1878 2353 noluerint
1902 2312 1959 2352 ad

388 2391 572 2421 mansos
599 2382 641 2421 et
677 2381 870 2423 honores
901 2396 1014 2436 quos
1042 2383 1212 2424 habent
1232 2384 1286 2424 de
1316 2386 1469 2424 sancto
1500 2384 1652 2425 l'etro.
1679 2382 1961 2425 substituant

388 2463 529 2491 unum
558 2451 612 2493 de
641 2451 792 2493 liberis
823 2454 895 2495 vel
923 2454 1270 2509 consanguineis
1301 2455 1410 2498 suis,
1445 2454 1514 2496 cui
1546 2456 1717 2496 donent
1736 2455 1958 2497 honorem

387 2535 521 2576 quem
546 2523 715 2565 habent
741 2525 795 2565 de
818 2528 972 2566 sancto
1004 2526 1158 2568 Petro:
1192 2526 1319 2581 isque
1344 2526 1556 2580 fungatur
1583 2526 1810 2568 ruralibus
1828 2526 1958 2568 obse-

387 2592 505 2648 quiis
545 2597 588 2635 et
628 2594 685 2636 sit
723 2596 857 2637 homo
894 2596 1009 2638 beati
1050 2597 1187 2641 Petri.
1233 2601 1273 2639 et
1309 2598 1350 2638 in
1386 2598 1572 2645 honore,
1611 2598 1680 2640 vel
1715 2598 1759 2639 in
1799 2610 1958 2640 manso

389 2669 720 2708 commoretur:
759 2668 825 2708 vel
856 2668 890 2708 si
929 2671 1137 2710 neutrum
1169 2669 1311 2711 lacere
1346 2669 1586 2720 voluerint,
1617 2670 1747 2712 liceat
1774 2669 1838 2711 eis
1859 2683 1961 2725 pre—

389 2737 530 2779 dictos
553 2750 734 2779 mansos
763 2738 831 2779 vel
862 2739 1056 2781 honores
1079 2740 1266 2781 consilio
1298 2741 1616 2783 canonicorum
1650 2740 1863 2787 alienare,
1889 2740 1962 2783 vel

390 2809 609 2851 honorem
633 2810 819 2852 omnino
843 2811 1131 2866 relinquere..

441 2976 490 3021 (1)
519 2978 644 3012 Cart:
669 2976 910 3022 (tuferamln.

2138 934 2142 949 7
2141 887 2161 903 j
2139 776 2164 843 «ιζ-,Ἃ
2143 738 2164 773 „⁸:15
2140 718 2158 734 ᾖ
2150 710 2158 714 :

2136 2741 2155 2763 ‘7
2139 2677 2157 2727 ἧχι
2136 2564 2154 2662 neu-⁴,
2140 2519 2154 2553 ,ψ’
2140 2476 2154 2495 ἰ
2150 2403 2154 2413 ,

2118 2850 2164 3551 mla-,pete
