2100 3583
816 351 869 356 —
906 327 988 369 127
1026 352 1078 358 -

165 410 411 454 Beatricem
443 422 634 452 uxorem
672 412 817 458 tuam,
855 423 935 452 nec
962 410 1125 466 aliquis
1146 411 1207 463 (1)
1238 411 1398 459 homo,
1428 424 1510 453 nec
1544 410 1726 457 femina,

165 495 267 525 mea
295 484 405 530 arte,
439 495 519 524 nec
547 494 648 523 mea
674 494 775 536 ope,
810 494 888 523 nec
917 495 1017 523 meo
1045 482 1231 524 consilio
1249 483 1328 538 (2),
1360 495 1506 538 neque
1533 485 1731 525 castrum

147 553 365 610 ·Melgorii
405 552 608 596 auferam
647 552 803 604 vobis,
836 566 914 594 nec
948 553 1051 595 inde
1079 554 1316 605 aufcram;
1356 567 1436 596 uec
1474 554 1638 610 aliquis
1666 556 1729 609 (3)

163 625 316 673 homo.
343 638 422 666 nec
447 624 630 672 femina,
663 637 764 666 mea
784 627 894 666 arte.
927 638 1006 666 nec
1035 638 1133 667 mea
1162 640 1262 680 ope,
1295 639 1375 668 nec
1396 639 1496 668 meo
1524 625 1726 667 consilio.

162 696 216 740 Et
246 696 285 739 si
313 695 477 752 aliquis
500 696 562 751 (4)
596 696 754 741 homo,
794 695 863 737 vel
896 695 1063 737 femina
1096 696 1332 739 abstulerit
1372 697 1501 739 vobis
1531 699 1729 739 castrum

161 767 380 824 Melgorii,
408 766 478 809 vel
494 766 634 809 alium
657 770 857 812 vestrum
878 767 1113 813 honorem,
1141 768 1183 809 in
1207 768 1570 810 Sustantionensi
1594 768 1732 810 eomi-

160 841 258 882 tatu
285 838 584 895 pertinentem
613 839 670 880 ad
697 840 895 880 castrum
924 838 1142 893 Melgorii,
1176 842 1415 895 postquam
1446 853 1516 881 me
1543 839 1730 881 consilio

157 909 481 954 comonueritis
514 923 594 966 per
621 913 978 954 sacramentum.
1013 912 1056 952 et
1089 911 1142 952 de
1185 910 1257 952 illa
1295 910 1597 953 comouitione
1639 924 1728 952 non

159 982 451 1025 substraham
482 994 577 1033 me,
614 994 697 1036 ego
731 981 834 1023 inde
866 984 981 1024 recte
1016 995 1091 1024 ero
1121 982 1250 1023 vobis
1277 982 1470 1037 adjutor.
1502 982 1553 1024 Et
1581 982 1615 1024 si
1650 981 1730 1023 ali-

158 1053 262 1110 quis
281 1053 344 1108 (5)
373 1053 531 1102 homo,
574 1052 645 1095 vel
679 1052 849 1095 femina
882 1067 965 1095 vos
994 1053 1185 1108 ceperit,
1217 1067 1298 1108 ego
1333 1067 1434 1095 cum
1472 1067 1525 1096 eo
1563 1053 1720 1102 finem,

156 1128 337 1181 pacem,
369 1138 451 1167 nec
476 1124 739 1167 societatem
768 1124 892 1167 nullo
922 1126 1057 1167 modo
1088 1125 1286 1176 habebo,
1319 1126 1461 1167 donec
1496 1128 1540 1167 tu
1573 1125 1634 1167 sis
1663 1126 1727 1180 ((3)

156 1195 375 1240 liberatus
402 1210 429 1239 a
454 1196 677 1252 captione,
709 1195 805 1239 sine
839 1196 964 1238 omni
994 1196 1305 1252 redemptione
1341 1197 1526 1239 honoris
1554 1200 1597 1238 et
1629 1210 1727 1252 pec-

155 1267 302 1311 cum'e.
338 1267 393 1310 Et
418 1267 456 1311 si
491 1267 655 1324 aliquis
681 1267 742 1322 (7)
769 1267 928 1316 homo,
966 1268 1032 1310 vel
1072 1268 1240 1310 femina
1271 1269 1326 1310 de
1361 1268 1726 1311 sustantionensi

154 1338 394 1388 comitatu,
427 1339 473 1382 in
506 1339 591 1382 hoc
629 1339 729 1394 ipso
768 1339 986 1382 comitatu
1020 1340 1148 1382 vobis
1188 1353 1398 1395 guerram
1438 1339 1611 1385 fecerit,
1643 1354 1726 1394 ego

154 1410 260 1454 inde
285 1410 418 1454 vobis
445 1413 563 1454 recte
589 1411 772 1467 adjutor
798 1425 899 1463 ero,
936 1411 1137 1467 exceptis
1169 1411 1379 1454 fratribus
1408 1412 1540 1460 meis,
1578 1415 1620 1454 et
1649 1426 1724 1453 ex-

153 1483 284 1538 cepto
309 1481 539 1524 Bernardo
568 1482 625 1524 de
661 1482 863 1524 Andusia
896 1484 939 1524 et
968 1481 1216 1524 infantibus
1250 1482 1365 1530 suis,
1399 1485 1442 1524 et
1471 1482 1724 1524 Raimundo

152 1553 454 1602 Trencavillo‚
479 1555 524 1596 et
550 1553 751 1609 exceptis
775 1553 886 1596 meis
909 1553 1170 1596 hominibus
1193 1569 1200 1601 ;
1233 1554 1309 1596 sed
1341 1553 1375 1595 si
1401 1554 1486 1596 mei
1516 1554 1722 1596 homines

151 1623 357 1668 nolentes
387 1624 532 1668 facere
557 1624 784 1681 justiciam
811 1638 1020 1680 guerram
1045 1625 1174 1667 vobis
1198 1625 1417 1673 facerent,
1449 1639 1531 1677 ego
1559 1627 1613 1667 «ele
1640 1626 1722 1667 hoc

152 1708 244 1738 non
273 1709 352 1739 eos
379 1696 684 1739 manutenebo
711 1700 866 1738 contra
894 1710 997 1739 νος.
1035 1700 1078 1738 et
1105 1700 1303 1739 castrum
1343 1698 1398 1739 de
1438 1698 1587 1739 Monte
1622 1698 1722 1739 Fer-

150 1769 314 1818 raudo,
349 1770 395 1811 et
430 1767 580 1824 ipsum
619 1769 819 1810 Montem
856 1768 1158 1814 Ferrandum,
1200 1772 1442 1824 postquam
1477 1782 1503 1810 a
1544 1782 1614 1810 me
1658 1784 1722 1811 re-

149 1838 364 1896 demptus
392 1839 540 1888 fuerit,
566 1843 611 1882 et
637 1853 741 1882 eum
764 1839 894 1882 vobis
915 1839 1170 1886 restituero.
1198 1853 1466 1895 recognosco
1493 1839 1537 1881 in
1559 1841 1717 1882 eodem

149 1913 450 1954 sacramento.

209 1982 320 2025 ltem
350 1983 409 2025 ab
435 1983 520 2026 hac
547 1983 657 2026 hora
678 1982 722 2024 in
744 1986 877 2026 antea
906 1983 1251 2038 Melgoriensam
1275 1986 1504 2025 monetam
1539 1997 1625 2025 non
1657 1983 1720 2025 fa-

147 2053 264 2097 ciam
291 2054 610 2103 contrafacere,
642 2068 724 2097 nec
748 2054 884 2097 aliam
907 2057 1137 2097 monetam
1159 2055 1332 2110 argenti
1356 2054 1454 2097 fieri
1484 2054 1642 2097 faciam
1673 2055 1716 2096 in

146 2125 572 2182 Montepessulano,
599 2139 681 2169 nec
711 2126 755 2168 in
784 2129 877 2168 toto
907 2126 1276 2169 Sustancionensi
1309 2126 1527 2168 comitatu
1564 2140 1643 2169 nec
1671 2127 1714 2168 in

144 2195 234 2239 alio
253 2196 351 2240 loco
367 2196 448 2254 (8),
466 2201 623 2240 contra
644 2197 793 2246 istam,
814 2211 894 2240 nec
910 2198 1063 2245 homo,
1085 2212 1163 2240 nec
1186 2197 1369 2245 semina,
1390 2211 1491 2239 meo
1509 2198 1712 2251 consilio,

146 2281 229 2311 nec
248 2267 430 2324 ingenio
454 2282 572 2317 meo,
598 2282 679 2312 nec
699 2273 794 2312 arte
818 2283 933 2311 mea.
959 2269 1012 2311 Et
1033 2270 1067 2311 si
1092 2270 1244 2317 homo,
1273 2269 1339 2311 vel
1364 2269 1533 2311 femina
1556 2270 1597 2311 in
1623 2273 1715 2312 toto

146 2339 518 2383 Sustancionensi
558 2340 776 2383 comitatu
814 2341 896 2383 hoc
939 2341 1110 2384 fecerit.
1151 2354 1252 2383 cum
1290 2354 1369 2382 vos
1407 2355 1485 2396 per
1526 2342 1715 2383 num-ios

191 2587 239 2632 (l)
270 2585 397 2623 Cart.:
425 2585 596 2633 aliquid.

192 2645 242 2691 (2)
270 2645 397 2682 Cam:
426 2646 606 2682 concilio.

192 2704 241 2751 (3)
269 2704 396 2742 Cart.:
424 2705 594 2752 aliquid.

186 2764 238 2810 (4)
267 2764 394 2801 Cart.:
423 2764 594 2812 aliquid.

190 2822 242 2871 (5)
270 2823 397 2862 cam:
427 2824 597 2871 aliquid.

191 2882 240 2931 (6)
271 2883 399 2922 Cart:
429 2884 498 2921 eis.

190 2942 239 2990 (7)
267 2942 395 2981 carin:
424 2944 595 2991 aliquid.

189 3003 240 3050 (8)
266 3002 393 3040 Cart-1
422 3002 463 3038 in
484 3006 562 3039 toto
580 3004 907 3040 Suslnmt'ionensi
926 3016 992 3039 nec·
1013 3005 1050 3039 in
1070 3004 1149 3039 alin
1178 3005 1259 3039 loru
1281 3006 1480 3040 vomitum.
