2100 3583
799 313 850 319 —
888 286 971 329 257
1013 313 1060 318 —

145 370 287 413 tocius
311 369 520 426 capituli,
552 383 632 425 per
660 382 730 411 me
758 373 802 411 et
825 384 902 424 per
929 383 1087 411 omnes
1110 382 1392 411 successores
1415 381 1540 411 meos
1568 367 1713 412 solvo.

142 442 286 489 dono,
319 440 659 496 derelinquo,...
690 439 770 482 tibi
808 440 1031 482 Johanni.
1080 439 1389 494 Magalonensi
1429 439 1642 495 episcopo
1674 441 1720 479 et

144 511 481 555 successoribus
535 511 623 553 tuis
668 511 1034 566 imperpetuum.
1076 515 1315 553 sexcentos
1353 510 1564 552 videlicet
1603 513 1647 552 et
1686 509 1716 551 L

145 583 338 630 solidos,
369 596 484 639 quos
511 582 726 625 dominus
755 582 1067 637 Raymundus.
1097 582 1336 637 episcopus
1364 580 1713 636 Magalonensis,

144 653 337 696 Ecclesie
366 652 639 708 persolvisse
673 653 916 697 debuerat,
957 655 1001 694 et
1030 652 1150 695 mille
1179 652 1348 694 solidos
1376 665 1492 708 quos
1519 651 1717 706 Magalo-

145 724 299 767 nensis
314 723 548 779 operarius
566 723 643 766 tibi
665 723 1042 770 accommodavit,
1061 725 1103 764 et
1122 723 1277 765 vineas
1292 722 1503 766 Guiralde
1521 723 1646 765 Maza
1660 722 1715 764 de

144 794 357 849 Auro(1),
374 807 488 850 quas
506 794 815 849 Magalonensi
833 793 1025 835 Ecclesie
1050 793 1092 835 in
1116 796 1388 836 testamento
1405 807 1488 836 suo
1509 793 1712 849 reliquit;

144 868 191 909 et
215 865 450 908 ecclesiam
479 866 535 908 de
563 865 786 915 Obilione‚
817 864 1051 907 ecclesiam
1075 865 1129 906 de
1151 865 1377 907 Grabello.
1403 864 1639 907 ecclesiam
1662 864 1716 906 de

145 936 435 993 Valauques;
467 939 511 979 et
545 940 755 992 quartam
788 940 962 992 partein
998 936 1144 990 stagni
1171 936 1225 977 dc
1255 936 1490 983 Exindrio:
1534 938 1578 978 et
1607 936 1718 977 duo-

143 1007 291 1051 decim
327 1007 552 1050 sextarios
583 1022 763 1051 annone
801 1008 846 1050 in
888 1007 1075 1049 ecclesia
1118 1008 1172 1048 de
1219 1007 1518 1049 Columberiis
1541 1007 1631 1062 (2);
1674 1009 1718 1049 et

144 1079 331 1122 bladum
359 1082 404 1122 et
430 1079 589 1121 vinum
617 1081 737 1136 quod
768 1079 906 1135 bajuli
931 1079 1016 1125 tui,
1048 1080 1101 1120 de
1131 1078 1318 1121 decimis
1346 1078 1718 1134 Montispessula-

145 1150 238 1194 neti
269 1152 315 1193 et
356 1149 603 1198 Villenove‚
642 1150 687 1192 in
722 1149 959 1193 transactis
988 1149 1213 1192 messibus
1244 1153 1287 1192 et
1317 1149 1580 1198 vindemiis,
1616 1149 1718 1191 reti-

95 1241 98 1244 ·
144 1224 366 1269 nuerunt;
391 1224 435 1264 et
461 1221 580 1263 XXX
608 1222 790 1269 mullos,
822 1234 938 1277 quos
966 1222 1264 1277 Raymundus
1295 1222 1350 1263 de
1376 1220 1717 1264 Monteferrario

144 1292 343 1336 habebat
361 1292 409 1335 in
429 1292 543 1335 mari
566 1295 658 1341 tuo,
685 1295 729 1336 et
749 1292 922 1336 dimisit
944 1306 1038 1340 eos,
1064 1306 1165 1335 cum
1190 1293 1320 1335 Petro
1341 1292 1598 1341 Guillelmo,
1626 1291 1718 1334 filio

144 1377 244 1413 suo,
273 1363 467 1407 Ecclesie
495 1364 821 1419 Magalonensi.

200 1434 437 1478 Constitue
450 1437 656 1490 preterea
669 1449 752 1491 ego
771 1435 864 1492 jam
881 1435 1027 1478 dictus
1040 1435 1369 1483 Fulchrannus‚
1382 1432 1718 1490 Magalou'ensis

144 1505 418 1562 prepositus,
454 1505 643 1549 consilio
671 1506 880 1549 similiter
907 1509 950 1548 et
979 1506 1248 1549 auctoritate
1278 1506 1415 1548 totius
1442 1505 1642 1561 capituli,
1674 1509 1717 1547 et

143 1576 529 1620 irretractabiliter
564 1590 667 1620 cum
702 1578 785 1620 hoc
819 1578 1149 1625 instrumento,
1190 1591 1271 1633 per
1297 1590 1368 1619 me
1397 1580 1441 1620 et
1474 1590 1555 1633 per
1589 1590 1716 1619 meos

144 1661 449 1698 successores,
487 1648 724 1698 confirmo,
756 1652 940 1706 propter
960 1650 1127 1692 bonam
1150 1662 1277 1705 spem
1306 1652 1349 1690 et
1378 1650 1541 1691 bonam
1572 1649 1716 1691 inten-

145 1719 314 1764 tionem
329 1723 469 1776 qu'am
483 1721 539 1763 de
560 1723 616 1769 te,
632 1721 819 1763 domino
838 1724 990 1763 nostro
1007 1721 1212 1763 Johanne
1229 1721 1456 1776 episcopo,
1473 1721 1711 1769 habemus,

143 1791 263 1834 utin
286 1791 446 1834 ultima
464 1791 537 1834 die
561 1791 790 1839 februarii,
817 1792 1007 1847 singulis
1028 1792 1175 1839 annis,
1199 1791 1278 1834 liat
1299 1792 1487 1834 honeste
1509 1795 1553 1833 et
1574 1791 1715 1834 hono-

142 1861 268 1906 rifice
293 1861 658 1905 anniversarium
692 1863 738 1906 in
771 1863 959 1906 ecclesia
992 1863 1323 1919 Magalouensi,
1351 1876 1431 1918 pro
1473 1863 1715 1904 animabus

143 1932 285 1990 patris
310 1935 356 1976 et
382 1934 564 1982 matris,
597 1933 788 1976 fratrum
817 1938 861 1978 et
888 1947 1112 1981 sororum,
1139 1938 1181 1976 et
1210 1933 1416 1976 omnium
1439 1934 1716 1989 propinquo-

143 2017 245 2047 rum
278 2006 478 2047 tuorum.
528 2004 581 2048 Et
620 2019 702 2061 ego
735 2005 854 2048 idem
896 2005 1152 2061 prepositus
1197 2008 1240 2047 et
1286 2018 1568 2047 successores
1607 2005 1711 2052 mei,

143 2075 336 2132 singulis
361 2075 519 2125 annis,
551 2077 889 2133 imperpetuum
917 2077 1130 2119 dabimus
1160 2076 1443 2132 procuratori
1459 2076 1715 2118 communis

143 2160 300 2190 mense
315 2148 371 2190 de
392 2147 646 2203 Magalona,
668 2149 724 2191 ad
746 2148 1110 2204 procurationem
1132 2148 1322 2191 fratrum
1344 2148 1388 2189 in
1411 2148 1509 2203 ipsa
1527 2147 1598 2189 die
1619 2161 1716 2203 pre-

143 2218 283 2262 dicta.
311 2218 551 2261 dimidium
581 2220 785 2263 modium
811 2220 1026 2262 frumenti
1051 2221 1163 2262 bene
1186 2220 1379 2275 purgati.
1411 2222 1453 2261 et
1474 2219 1713 2261 dimidium

144 2289 348 2333 modium
375 2290 536 2346 optimi
570 2291 688 2339 vini,
720 2294 764 2334 et
793 2293 823 2334 L
852 2291 1022 2333 solidos
1048 2292 1386 2346 melgorienses‚
1408 2294 1451 2333 et
1477 2291 1714 2333 candelam

141 2361 198 2404 ad
221 2360 535 2404 offerendum:
560 2365 604 2405 et
627 2363 713 2406 hoc
733 2364 868 2406 debet
891 2362 987 2404 fieri
1010 2377 1191 2419 semper
1210 2363 1253 2405 in
1273 2363 1366 2405 vita
1388 2366 1479 2404 tua.

201 2432 314 2476 Cum
351 2436 521 2482 autem,
553 2448 611 2477 ex
644 2434 942 2490 dispositione
982 2434 1084 2482 Dei,
1119 2436 1177 2477 ab
1212 2435 1292 2477 bac
1317 2434 1409 2476 vita
1435 2433 1712 2483 discesseris,

142 2503 224 2548 fiet
248 2502 457 2547 similiter
483 2505 568 2548 hoc
594 2506 958 2548 anniversarium
987 2506 1234 2549 honorifice
1269 2506 1313 2548 in
1341 2506 1413 2547 die
1446 2505 1596 2548 obitus
1634 2507 1712 2550 tui.

191 2664 240 2711 (1)
270 2665 385 2702 Nous
406 2665 676 2702 maintenons
699 2669 806 2702 cette
830 2667 987 2708 sor1ne;
1011 2678 1063 2703 on
1087 2670 1237 2703 trouve
1260 2668 1374 2704 aussi
1399 2669 1636 2704 ,ilazadawn

190 2723 241 2771 (2)
268 2724 383 2762 Avec
414 2724 637 2768 Germain,
670 2735 778 2761 nous
810 2726 1079 2763 maintenons
1112 2727 1401 2768 &lambet-iim
1432 2727 1468 2764 le
1487 2729 1716 2765 cartulaire

142 2785 264 2832 porte
298 2783 532 2832 cependant
564 2788 672 2821 cette
707 2784 845 2830 leg-on:
888 2786 1038 2823 Colinis
1072 2798 1124 2822 on
1148 2787 1308 2828 (salmis,
1339 2792 1380 2822 et
1419 2787 1497 2824 l‘on
1530 2788 1718 2836 pourrait

142 2841 218 2879 lire
239 2841 454 2880 Colombis.
487 2844 541 2881 Ce
562 2844 692 2882 serait
710 2844 821 2881 alors
844 2845 1138 2882 Saint-Martin
1161 2845 1210 2881 de
1233 2845 1444 2883 Colombe.
1479 2848 1533 2884 La
1563 2846 1716 2883 lecture

143 2897 195 2938 de
228 2900 428 2939 Germain
465 2913 573 2939 nous
604 2903 741 2951 parait
776 2903 1022 2951 prescnable.
1062 2904 1089 2941 11
1125 2905 1249 2951 s'agit
1275 2904 1323 2941 de
1345 2905 1604 2942 Colonibiers
1624 2907 1719 2954 pres

144 2958 423 3009 Baillargues.

212 3030 214 3032 ’
271 3030 361 3065 Cart.
382 3031 424 3064 de
443 3032 535 3075 May.
559 3051 598 3057 —
619 3034 654 3064 T.
678 3034 691 3065 1
1565 3038 1600 3067 ι’.»
