2100 3583
3 1101 16 1110 ι
0 1054 14 1075 “.
0 1024 9 1035 ’
0 970 22 987 ·;
0 735 20 942 ·“·”·Ἷ“·ης’τ’
0 680 14 716 ῑτ.
0 607 5 615 ·

26 3021 68 3281 -ηιιῆὲ-*ψω
26 2986 58 3012 ‚⁸
30 2970 39 2975 ·
27 2902 54 2959 «ε
32 2867 52 2892 ν
31 2823 55 2852 ι
17 2631 61 2791 ῑψῆιὶ·
23 2528 60 2622 ‘⁴⁹4⁴'
15 2456 45 2505 ³*

76 3260 78 3265 '
75 3041 87 3049 R

797 301 1062 343 —1825-

144 387 306 428 vocant
330 383 537 438 Albanel,
571 387 616 426 et
649 384 739 426 itur
770 386 826 426 ad
860 385 1089 439 perarium
1123 384 1379 440 Raymundi
1407 384 1461 427 de
1489 385 1630 436 Roca,
1670 386 1715 426 et

141 456 303 499 deinde
334 457 391 498 ad
425 459 590 498 terram
620 455 737 497 Petri
770 456 825 497 de
863 456 979 497 noca
1012 469 1154 511 usque
1192 457 1248 497 ad
1291 456 1467 512 rippam
1511 456 1713 498 fluminis

140 527 295 570 Erauri
323 542 330 575 ;
368 527 581 583 quicquid
622 526 739 568 infra
778 526 859 569 has
892 527 1232 569 terminationes
1267 527 1534 574 includitur,
1568 530 1711 569 totum

141 599 197 641 de
234 598 479 642 decimaria
507 598 677 654 prefate
714 598 896 639 ecclesie
939 599 1088 639 sancti
1126 599 1346 640 Johannis
1375 599 1709 655 imperpetuum

142 682 242 713 esse
265 670 458 712 sanccio.

1135 741 1232 779 (Reg.
1259 741 1295 776 Ι),
1321 741 1380 772 fol.
1406 741 1466 772 2333
1488 743 1545 778 r0).

648 1033 786 1071 XCIV.
817 1055 860 1059 -
887 1035 909 1069 9
937 1033 1092 1069 fevrier
1119 1034 1211 1070 1156

229 1176 415 1220 Charte'
440 1183 501 1220 de
527 1184 680 1220 Louis
705 1184 751 1220 le
778 1185 938 1221 Jeune
965 1195 1027 1221 en
1052 1185 1226 1221 favour
1252 1185 1312 1221 de
1338 1175 1537 1231 l’Eglise
1563 1185 1623 1220 de

775 1245 1088 1292 Maguelone.

200 1364 249 1407 In
274 1364 460 1408 nomine
488 1366 649 1408 Sancte
677 1368 721 1408 et
748 1365 984 1408 Individue
1013 1366 1268 1412 Trinitatis,
1316 1366 1597 1413 Ludovicus‚
1636 1365 1713 1407 Dei

140 1436 379 1479 ordinante
407 1436 709 1492 providentia,
741 1437 1014 1480 Francorum
1045 1438 1292 1493 imperator
1328 1440 1574 1493 augustus,
1603 1438 1717 1493 Ray-

140 1509 328 1557 mundo,
347 1508 658 1563 Magalonensi
679 1508 908 1565 episcopo,
929 1509 1117 1565 ejusque
1140 1509 1476 1551 successoribus
1498 1508 1711 1551 canonice

140 1579 494 1628 substituendis,
526 1583 570 1622 et
599 1580 804 1636 ejusdem
832 1580 1026 1623 Ecclesie
1048 1584 1203 1623 sancto
1222 1580 1465 1622 conventui
1487 1580 1717 1636 imperpe-

141 1653 288 1694 tuum.

200 1724 248 1766 si
273 1736 380 1780 erga
406 1723 559 1767 loca...
590 1737 681 1766 non
709 1724 979 1767 diffidimus.

199 1795 463 1852 Eapropter,
486 1795 646 1838 dilecte
669 1796 712 1838 in
735 1796 913 1839 Christo
936 1797 1218 1852 Raymunde,
1243 1795 1577 1851 Magalonensis
1599 1795 1717 1851 epis-

139 1881 265 1924 cope,
302 1867 392 1910 tuis
423 1867 557 1923 justis
585 1868 968 1923 postulationibus
996 1871 1175 1921 gratum
1211 1867 1527 1923 impercientes
1561 1880 1718 1909 assen-

138 1953 257 1989 sum,
299 1938 523 1996 prefatam
570 1940 938 1995 Magalonensem
973 1940 1240 1982 Ecclesiam.
1274 1943 1317 1981 et
1356 1939 1510 1981 onmia
1538 1953 1625 1995 que
1659 1940 1715 1981 ad

139 2012 331 2054 eandem
355 2010 598 2054 Ecclesiam
622 2011 847 2066 pertinere
869 2014 1134 2059 noscuntur,
1165 2011 1252 2057 cui,
1278 2011 1370 2053 Deo
1391 2013 1591 2053 auctore.
1619 2024 1719 2065 pre-

140 2096 240 2126 esse
279 2082 552 2132 dinosceris,
595 2083 653 2125 ad
683 2082 920 2138 exemplar
951 2083 1281 2139 predecessoris
1316 2083 1457 2125 nostri
1484 2083 1602 2125 bone
1626 2096 1719 2124 me-

139 2154 283 2198 morie
313 2154 528 2208 Ludovici
557 2155 835 2197 serenissimi
865 2155 1008 2211 regis,
1042 2155 1127 2197 sub
1157 2154 1448 2210 protectionis
1469 2154 1530 2208 (1)
1564 2156 1715 2195 nostre

139 2225 393 2269 munimine
410 2225 700 2282 suscipimus,
717 2229 761 2269 et
776 2227 1000 2282 presentis
1018 2226 1171 2282 scripti
1195 2226 1432 2281 privilegio
1454 2225 1710 2268 munimus:

140 2299 390 2340 statuentes
430 2300 480 2341 ut
524 2311 836 2354 quascumque
879 2299 1224 2354 possessiones,
1270 2311 1556 2353 quecumque
1597 2297 1716 2339 bona

139 2369 298 2412 eadem
338 2369 535 2412 Ecclesia
564 2370 609 2412 in
645 2370 1007 2426 presenciarum.
1044 2371 1414 2426 predecessorum
1451 2372 1712 2411 nostrorum

136 2440 390 2497 largitione,
430 2441 525 2484 sive
555 2441 644 2484 alio
676 2442 798 2498 justo
827 2442 971 2488 titulo,
1001 2442 1117 2497 juste
1156 2445 1199 2483 et
1238 2441 1450 2484 canonice
1494 2441 1711 2496 possidet.

134 2514 214 2555 aut
256 2512 302 2554 in
348 2511 553 2556 futurum
598 2513 888 2556 concessione
931 2513 1217 2555 Pontificum.
1256 2512 1492 2565 largitione
1534 2525 1708 2565 regum.

135 2583 365 2627 oblatione
383 2583 605 2633 fidelium,
629 2598 707 2627 seu
729 2585 829 2627 aliis
848 2585 980 2641 justis
1003 2585 1166 2630 modis,
1191 2585 1282 2625 Deo
1306 2584 1520 2639 propicio,
1549 2583 1713 2638 poterit

135 2654 351 2711 adipisci,
384 2655 518 2700 firma
544 2657 675 2699 vobis
702 2660 747 2700 et
784 2671 863 2713 per
891 2670 972 2699 vos
1000 2657 1148 2699 eidem
1183 2656 1373 2698 licclesie
1410 2655 1581 2697 illibata
1614 2669 1713 2710 per-

138 2730 381 2777 maneant;
413 2728 460 2771 in
492 2728 660 2785 quibus
688 2729 770 2771 hec
792 2728 985 2785 propriis
1011 2728 1227 2770 duximus
1257 2727 1557 2783 exprimenda
1582 2740 1712 2769 vocu-

141 2798 261 2843 bulis
273 2814 282 2842 :

186 2972 235 3022 (1)
263 2973 393 3012 Cart.:
415 2975 681 3020 protexionis.
