2164 3551
1095 307 1357 352 —178-

440 405 466 433 a
487 391 595 434 stari
614 393 735 447 quod
758 391 842 433 fuit
859 392 1074 433 Bernardi
1092 393 1146 434 de
1162 393 1308 442 Cellis,
1332 396 1375 435 et
1389 391 1633 447 porrigitur
1652 402 1796 444 usque
1814 389 1873 430 ad
1887 386 2010 431 viam

442 477 529 518 que
557 466 625 505 est
655 463 786 518 juxta
813 462 1021 511 furnum,
1057 466 1101 505 et
1126 464 1333 518 dirigitur
1359 477 1503 519 usque
1532 463 1588 503 ad
1616 460 1740 502 viam
1767 473 1855 515 que
1883 459 2012 502 vadit

440 538 544 576 ante
572 536 759 576 domum
788 534 962 587 Vitelli,
997 537 1039 576 et
1071 535 1338 577 terminatur
1370 548 1469 577 cum
1504 535 1638 575 domo
1673 545 1762 587 que
1788 530 1873 573 fuit
1909 531 2011 573 Rai-

440 605 599 647 mundi
620 606 753 653 Gaza,
773 605 859 647 nisi
875 607 996 660 quod
1019 620 1071 648 ea
1086 607 1250 648 domus
1271 621 1361 648 non
1384 609 1452 648 est
1469 607 1523 647 de
1543 603 1758 646 canonica
1776 602 2006 658 jamdicta.

439 675 665 731 Quidquid
696 690 801 731 ergo
834 676 952 719 infra
985 678 1067 719 hos
1095 678 1313 720 terminos
1341 676 1598 724 includitur,
1640 674 1736 716 sine
1776 673 1915 716 dubio
1955 675 2010 717 de

438 747 653 790 canonica
681 750 762 796 est,
795 750 839 789 et
864 748 1092 803 predictus
1119 750 1171 791 G.
1196 748 1347 791 Vitelli
1375 751 1511 803 atque
1540 748 1588 789 R.
1620 746 1889 788 Barbatorta
1911 745 2012 788 nul-

437 819 528 861 lam
555 819 736 861 leddam
764 820 932 861 debent
950 820 1013 861 ibi
1031 821 1247 875 accipere.

498 891 544 932 Si
583 890 684 945 quis
717 891 1025 933 habitatorum
1064 892 1322 937 Villenove,
1368 895 1497 933 extra
1535 890 1700 931 Villam
1731 889 1930 941 Novam,
1964 888 2011 930 ni

437 962 569 1011 villis,
602 963 690 1004 aud
722 963 937 1010 castellis,
969 964 1059 1005 aud
1091 963 1277 1012 alicubi,
1309 963 1468 1004 vinum
1496 963 1554 1004 ad
1582 961 1873 1003 vendendum
1892 960 2010 1002 infra

442 1033 772 1075 Villamnovam
800 1034 995 1082 emerit,⁴
1012 1035 1067 1076 de
1094 1034 1247 1076 modio
1276 1034 1401 1076 dabit
1426 1035 1441 1075 Ι
1470 1045 1711 1075 nummum
1738 1045 1820 1087 pro
1840 1031 2006 1080 ledda;

438 1105 474 1147 si
495 1119 603 1147 vero
630 1104 748 1146 infra
767 1105 1104 1148 Villamnovam
1127 1106 1302 1154 emerit,
1328 1106 1465 1147 nichil
1492 1118 1573 1160 pro
1594 1105 1729 1146 ledda
1749 1103 1889 1146 dabit.
1907 1157 1918 1164 q

498 1177 542 1219 Si
576 1176 698 1231 quis,
740 1176 785 1217 in
818 1177 1058 1219 Villanova
1092 1178 1279 1219 domum
1306 1178 1497 1230 habens,
1534 1189 1701 1231 panem
1734 1174 2005 1237 vendiderit,

435 1249 615 1290 leddam
644 1262 735 1289 non
770 1248 926 1297 dabit;
969 1252 1213 1291 extraneus
1250 1262 1378 1297 vero,
1421 1261 1586 1303 panem
1623 1248 1681 1289 ad
1714 1247 2009 1289 vendendum

433 1319 629 1361 afferens
652 1319 1003 1364 Villamnovam.
1035 1321 1089 1362 de
1118 1321 1339 1362 saumada
1360 1321 1375 1361 I
1401 1320 1585 1361 obolum
1609 1318 1735 1361 dabit
1751 1332 1833 1374 pro
1853 1318 2005 1368 ledda,

434 1392 471 1433 si
506 1405 612 1433 vero
645 1391 722 1432 XII
761 1391 1019 1434 denairatas
1059 1392 1261 1433 attulerit
1302 1391 1509 1433 similiter
1547 1391 1733 1433 obolum
1761 1389 1911 1438 dabit;
1951 1390 2009 1432 XI

434 1466 588 1505 autem
609 1462 822 1512 afferens,
855 1463 992 1505 nichil
1020 1464 1161 1506 dabit.

496 1534 541 1576 Si
566 1534 667 1589 quis
695 1538 940 1577 extraneus
968 1549 1155 1590 porcum
1186 1548 1329 1577 unum
1358 1534 1595 1576 Villenove
1617 1533 1874 1576 vendiderit
1901 1534 2005 1576 obo-

436 1607 527 1647 lum
548 1620 628 1661 pro
648 1606 781 1648 ledda
808 1606 955 1657 dahit;
981 1607 1017 1648 si
1038 1620 1147 1649 vero
1169 1606 1425 1648 vendiderit
1447 1607 1706 1654 hacconem,
1732 1605 1749 1646 I
1769 1604 2008 1647 denarium

434 1692 515 1733 pro
538 1678 670 1719 ledda
697 1677 847 1726 dabit3
880 1678 915 1719 si
948 1692 1054 1720 vero
1082 1692 1269 1734 porcum
1300 1678 1622 1726 macellaverit,
1654 1677 1836 1719 lumbos
1863 1677 2005 1719 dabit.

434 1749 670 1791 Habitator
690 1763 798 1791 vero
828 1749 1079 1799 Villenove,
1104 1751 1141 1792 si
1168 1764 1193 1792 a
1216 1750 1363 1792 vicino
1389 1764 1470 1792 suo
1494 1749 1748 1792 habitatore
1769 1749 2010 1791 Villenove

431 1834 621 1876 porcum
649 1821 835 1869 emerit,
883 1824 927 1863 et
961 1821 1089 1863 illum
1108 1823 1170 1875 (1)
1205 1821 1488 1865 vendiderit,
1536 1822 1624 1863 aud
1671 1820 2006 1869 macellaverit,

434 1906 579 1947 neque
602 1892 797 1939 lumbos,
824 1906 971 1948 neque
995 1893 1166 1949 aliquid
1188 1907 1268 1948 pre
1291 1893 1425 1935 ledda
1446 1893 1572 1935 dabit
1591 1906 1599 1943 3
1629 1893 1667 1935 si
1688 1906 1795 1935 vero
1816 1892 1862 1934 in
1883 1892 2001 1934 villis

432 1966 521 2006 aud
543 1964 737 2006 castellis
760 1964 939 2013 emerit,
973 1967 1017 2007 et
1036 1965 1273 2007 Villenove
1302 1965 1624 2013 macellaverit,
1653 1965 1835 2006 lumbos
1865 1964 2006 2007 dabit.

495 2035 710 2077 Similiter
730 2036 767 2077 si
788 2037 953 2077 hovem
975 2039 1054 2078 aut
1075 2050 1258 2078 vaccam
1289 2037 1332 2078 in
1355 2036 1474 2078 villis
1497 2037 1586 2079 aud
1605 2035 1802 2078 castellis
1830 2036 2007 2085 emerit,

435 2110 478 2148 et
499 2107 733 2149 Villenove
756 2107 1075 2153 macellaverit,
1103 2108 1302 2163 linguam
1322 2108 1383 2163 (2)
1409 2122 1489 2163 pro
1509 2109 1643 2150 ledda
1663 2107 1789 2150 dabit
1808 2123 1816 2156 ς
1843 2107 1879 2150 si
1901 2121 2010 2150 vero

434 2192 460 2220 a
494 2179 641 2220 vicino
677 2193 783 2227 suo,
820 2179 1074 2222 habitatore
1105 2180 1353 2232 Villevove,
1397 2180 1572 2228 emerit,
1609 2183 1653 2222 et
1683 2179 2007 2234 macellaverit,

434 2251 571 2293 nichil
593 2251 733 2293 (labit.
765 2252 859 2293 Hoc
876 2251 996 2293 idem
1019 2252 1102 2294 erit
1122 2253 1176 2293 (tle
1205 2255 1438 2294 extraneo.

492 2324 553 2363 De
587 2328 766 2365 eentum
805 2323 1004 2378 piscihus
1040 2323 1214 2367 sallitis.
1248 2324 1483 2365 Villenove
1514 2323 1727 2373 venditis,
1759 2324 1812 2366 ΙΙ0
1833 2323 2012 2366 nummi

432 2408 514 2448 pro
542 2394 674 2436 ledda
702 2395 955 2443 ‹labuntur;
994 2396 1048 2437 de
1078 2398 1258 2437 centum
1289 2395 1502 2450 anguillis
1527 2394 1720 2453 polyars
1749 2395 1925 2445 sallitis,
1957 2395 2013 2437 ΙΙΙ

434 2466 611 2507 obolos.

493 2536 539 2579 Si
568 2540 812 2579 extraneus
834 2541 1089 2580 saumatam
1118 2552 1333 2593 ceparum
1359 2538 1627 2587 vendiderit,
1661 2553 1805 2581 unum
1834 2539 2010 2582 forcum

433 2622 515 2664 pro
543 2609 676 2651 ledda
702 2609 841 2651 dabit.

492 2682 554 2723 De
583 2684 791 2723 saumata
817 2694 1072 2737 porrorum,
1111 2695 1247 2723 unam
1279 2682 1569 2724 medallatam
1597 2696 1679 2737 pro
1707 2683 1842 2726 ledda
1865 2682 2005 2726 dabit.

480 2922 529 2969 ll)
560 2922 687 2960 Cart.:
712 2922 866 2958 viuum.

481 2981 528 3030 (2)
559 2982 684 3019 Cart:
711 2982 875 3027 linyam.

2113 3296 2136 3391 ἐπὶ
