2164 3551
848 492 1084 530 CCXXXV.
1115 511 1156 515 —
1185 487 1424 524 Novembre
1456 487 1543 521 1195

408 640 685 677 Guillaume
718 634 987 677 Raimond‚
1027 631 1213 676 eveque
1247 631 1306 666 de
1342 629 1651 674 Mag-uelone,
1687 626 1921 662 confirme
1948 625 1978 660 ‘a

455 701 592 735 Pons
632 688 841 733 Eitienne
880 704 947 729 un
982 693 1208 727 demaine
1241 699 1361 725 avec
1398 698 1479 724 ses
1517 687 1875 732 dependances‚
1909 684 1977 719 sis

455 760 579 795 dans
596 758 644 792 la
663 755 887 802 paroisse
908 753 967 788 de
988 750 1279 797 Bejargues.

467 889 596 928 Anno
632 882 865 925 Dominice
911 878 1238 921 incarnacionis
1275 877 1517 919 millesimo
1554 876 1802 918 centesimo
1837 890 1977 917 nona-

402 958 575 1014 gesimo
610 955 791 1010 quinto,
834 965 989 993 mense
1021 950 1306 997 novembris,
1346 963 1429 1003 ego
1459 948 1751 995 Guillelmus,
1779 946 1977 1002 Magalo-

403 1028 554 1072 nensis
574 1026 890 1082 episcopus...
912 1024 1038 1065 trado
1062 1022 1401 1076 imperpetuum
1422 1020 1516 1068 tibi,
1541 1019 1705 1061 Poncio
1725 1019 1971 1074 Stephano,

402 1104 444 1143 et
467 1100 576 1147 tuis,
617 1097 784 1140 scilicet
825 1098 968 1137 totum
1008 1095 1227 1134 honorem
1255 1092 1383 1133 illum
1412 1104 1515 1133 cum
1543 1091 1637 1133 suis
1666 1090 1971 1146 pertinenciis,

401 1184 537 1227 quem
568 1184 647 1211 vos
675 1167 851 1209 habetis
880 1169 924 1206 ct
948 1164 1125 1213 tenetis,
1164 1164 1231 1205 vel
1255 1166 1383 1218 pater
1403 1166 1553 1204 vester
1576 1163 1733 1204 Petrus
1756 1161 1975 1217 Stephani

400 1242 560 1285 habuit
587 1244 631 1283 et
659 1239 817 1285 tenuit,
844 1241 887 1280 et
909 1237 1005 1292 ejus
1033 1238 1344 1277 antecessores
1367 1234 1549 1276 nomine
1572 1233 1736 1286 mansi,
1761 1235 1815 1276 de
1839 1247 1910 1275 me
1932 1236 1976 1275 et

398 1311 763 1357 antecessoribus
798 1309 939 1360 meis,
979 1307 1180 1362 exceptis
1220 1308 1398 1349 duabus
1437 1305 1685 1348 carteriatis
1721 1308 1766 1347 et
1802 1305 1974 1348 usatico

399 1397 572 1431 earum,
605 1396 717 1438 quas
742 1383 788 1422 P.
814 1378 1095 1422 Tosoircrius
1118 1379 1172 1420 de
1196 1391 1265 1419 me
1290 1380 1426 1419 tenet.

457 1457 510 1498 Et
547 1458 667 1497 totus
708 1453 779 1494 hic
819 1453 964 1493 honor
1001 1453 1068 1492 est
1108 1450 1153 1491 in
1194 1449 1431 1505 parrochia
1469 1448 1620 1491 Sancti
1661 1448 1878 1504 Stephani
1919 1449 1974 1491 de

401 1526 636 1584 BeJanicis.

458 1600 510 1642 Et
534 1612 616 1654 pro
645 1598 726 1639 hoc
756 1597 925 1637 honore
956 1608 1037 1636 ves
1065 1596 1109 1635 et
1136 1593 1272 1635 vestri
1297 1595 1608 1635 antecessores
1636 1591 1814 1634 dabatis
1841 1593 1974 1634 nohis

398 1670 633 1714 annuatim
663 1671 762 1710 octo
797 1666 996 1708 sextaria
1024 1665 1262 1717 frumenti,
1304 1667 1347 1706 et
1383 1663 1622 1706 duodecim
1654 1663 1853 1706 sextaria
1880 1663 1973 1706 vini

400 1743 521 1799 puri,
558 1744 602 1783 et
632 1753 775 1782 unum
804 1752 989 1794 porcum
1021 1740 1065 1779 et
1087 1751 1229 1778 unum
1261 1739 1509 1784 mutonem‚
1542 1739 1586 1778 et
1612 1749 1755 1778 unum
1782 1749 1969 1791 agnum,

399 1818 443 1857 et
475 1814 710 1867 albergum
743 1810 983 1853 duodecim
1013 1809 1233 1851 militibus
1260 1822 1363 1850 cum
1397 1809 1557 1856 ordeo,
1590 1810 1634 1850 et
1661 1810 1893 1863 quartum,
1931 1811 1975 1850 et

398 1885 619 1942 gardiam,
643 1886 686 1925 et
715 1882 1004 1929 troliaticum,
1030 1884 1075 1923 et
1096 1880 1228 1922 vites.
1310 1879 1318 1881 ἡ

456 1956 549 2006 Que
588 1954 742 1997 omnia
771 1953 968 1999 usatica,
1007 1955 1052 1995 et
1085 1952 1356 2007 generaliter
1386 1951 1599 2007 quicquid
1633 1966 1716 2007 ego
1745 1952 1817 1994 vel
1849 1954 1973 1994 ante-

397 2041 599 2071 cessores
636 2026 725 2068 mei
753 2026 796 2067 in
830 2025 948 2067 dicto
978 2038 1139 2066 manso
1169 2023 1435 2075 habuimus,
1468 2023 1598 2065 vobis
1626 2025 1801 2066 dono...
1835 2024 1973 2066 salvis

398 2104 550 2142 tamen
573 2101 616 2140 et
638 2097 823 2139 retentis
845 2097 979 2139 michi
1011 2099 1053 2138 ct
1082 2096 1194 2138 meis
1223 2096 1575 2143 successoribus,
1601 2095 1647 2137 in
1674 2095 1773 2151 ipso
1802 2096 1973 2138 honore

397 2171 501 2214 dicti
522 2169 667 2211 mansi
688 2183 768 2224 pro
788 2168 918 2211 dictis
937 2168 1152 2210 omnibus
1174 2167 1358 2210 usaticis
1381 2170 1557 2210 tantum
1581 2167 1741 2223 viginti
1763 2167 1973 2210 sextariis

398 2242 518 2285 ordei
544 2245 587 2283 et
611 2240 767 2296 viginti
798 2240 994 2282 denariis
1024 2254 1103 2295 pro
1131 2240 1319 2282 usatico.
1358 2240 1484 2290 Quod
1522 2240 1746 2282 usaticum
1781 2243 1825 2282 et
1851 2240 1973 2295 quod

396 2315 585 2356 ordeum
621 2312 859 2367 portabitis
895 2312 1026 2353 nobis
1068 2311 1112 2352 in
1148 2311 1299 2353 salam
1334 2315 1536 2354 nostram
1572 2311 1974 2367 Montispessulani

393 2399 495 2428 cum
526 2384 687 2427 vestris
716 2383 953 2438 expensis,
992 2384 1047 2425 ad
1078 2396 1341 2425 mensuram
1371 2384 1673 2426 mercadalem
1702 2383 1974 2439 Montispes-

395 2456 570 2506 sulani;
614 2458 658 2497 ct
700 2456 826 2497 salvo
867 2468 917 2496 ac
958 2457 1132 2501 retento
1173 2454 1304 2497 nobis
1342 2454 1545 2497 hominio
1582 2457 1626 2497 et
1658 2454 1973 2497 dominacione

396 2527 541 2584 ipsius
564 2526 727 2569 mansi.

456 2600 662 2641 Pretcrea
689 2598 825 2640 laudo
854 2601 898 2639 ct
925 2599 1122 2640 concedo
1151 2598 1230 2640 tibi
1254 2601 1298 2640 et
1327 2598 1429 2643 tuis,
1463 2600 1585 2654 quod
1608 2602 1656 2641 tu
1678 2601 1722 2641 ct
1745 2598 1809 2640 tui
1834 2598 1972 2641 libere

394 2670 578 2727 possitis
601 2671 706 2712 (lare
729 2671 785 2711 ad
807 2676 989 2726 amplos
1008 2671 1200 2711 honorcs
1219 2670 1361 2712 torius
1377 2670 1483 2712 dicti
1505 2670 1667 2719 mansi,
1687 2672 1797 2712 dum
1820 2673 1971 2712 tamen

395 2742 627 2784 retineatis
655 2742 714 2783 ibi
746 2741 881 2783 michi
911 2744 955 2782 et
983 2742 1320 2784 successoribus
1352 2742 1465 2784 meis
1493 2742 1733 2785 consilium
1763 2745 1809 2784 ct
1828 2742 1972 2784 domi-

395 2814 520 2856 nium
555 2816 777 2856 nostrum.
822 2816 866 2854 et
904 2826 1047 2854 unum
1090 2813 1326 2855 denarium
1370 2814 1413 2855 in
1453 2814 1643 2870 singulis
1682 2813 1972 2870 quarteriatis

392 2900 506 2941 quas
529 2886 583 2926 ad
614 2891 773 2941 ample
802 2885 1043 2928 ‹ledon-iiis:
1070 2888 1113 2926 et
1149 2885 1234 2927 talc
1270 2886 1493 2928 usaiicum
1523 2886 1653 2928 vobis
1682 2886 1726 2927 in
1754 2885 1842 2928 iliis
1871 2885 1972 2928 reti-

391 2957 554 3000 nebitis
574 2970 710 3013 super
731 2957 851 3012 quod
873 2959 915 2999 ct
939 2970 1075 3013 super
1089 2956 1228 2998 alium
1248 2957 1466 3001 honorem
1490 2958 1619 3001 vobis
1640 2960 1967 3005 remanentem,
