2164 3551
1112 361 1161 364 -
1197 333 1253 375 62
1287 361 1340 364 -

500 418 620 473 cepis
666 420 847 459 centum
898 417 1070 464 furcas„
1121 420 1164 459 et
1209 417 1411 472 quolibet

502 488 623 530 furca
646 489 779 530 debet
805 487 1032 529 continere
1058 502 1158 529 xvnt
1185 501 1337 543 cepas.
1362 523 1367 528 .
1391 523 1396 527 .

441 559 633 602 Ecclesia
656 560 710 600 de
728 558 1042 605 aninianicis,
1069 558 1114 599 in
1135 558 1252 600 dicto
1275 558 1404 600 festo.

441 701 637 743 Ecclesia
668 702 722 743 de
755 701 1129 749 Montearnaudo,
1172 700 1217 741 in
1244 700 1413 742 Nativi-

502 775 590 814 tate
615 772 793 813 Domini
800 807 1395 814 .....................

442 844 628 886 Sorores
646 843 707 898 (¹1)
729 844 783 884 de
806 843 1045 891 Prolhano,
1068 843 1113 884 in
1128 842 1243 885 festo
1261 842 1413 885 Sancti

498 914 743 962 Michaelis,
775 929 788 955 1
810 914 1046 956 denarium
1067 914 1177 962 auri,
1206 913 1340 956 valet.
1360 950 1365 955 .
1388 947 1396 955 .

443 988 628 1029 Sorores
657 985 870 1033 minores,
903 988 1032 1027 extra
1055 999 1209 1027 muros
1224 985 1412 1026 Montis-

499 1056 746 1113 pessulani‚
769 1048 814 1098 in
830 1057 1001 1112 synodo
1022 1057 1173 1098 Sancti
1194 1056 1255 1111 (2)
1274 1057 1404 1098 Luce.

442 1128 768 1171 Monasterium
791 1127 1057 1170 monialium
1082 1128 1231 1170 Sancti
1254 1127 1412 1169 Felicis

500 1201 554 1242 de
583 1200 863 1247 Montecevo,
897 1213 977 1254 pro
1006 1212 1165 1241 manso
1186 1199 1241 1240 de
1268 1200 1414 1240 Lausa

501 1273 644 1313 Acuta
665 1274 708 1313 et
734 1270 833 1313 aliis
870 1270 997 1313 terris
1020 1270 1104 1312 sihi
1133 1270 1375 1324 contiguis.
1400 1306 1404 1310 .

443 1342 766 1385 Monasterium
790 1342 940 1384 Sancti
959 1341 1149 1383 Baudilii
1166 1342 1220 1383 de
1241 1342 1412 1383 Monte·

500 1414 634 1462 melo‚
676 1414 720 1455 in
755 1414 929 1470 synodo
971 1413 1122 1455 Sancti
1161 1414 1293 1460 Luce,
1330 1425 1412 1467 pro

499 1485 671 1528 usatico
680 1520 1399 1527 .........................

441 1558 552 1600 Item
577 1558 713 1604 idem,
738 1557 784 1598 in
808 1556 921 1598 festo
944 1556 1094 1599 Sancti
1116 1556 1365 1597 Vincencii.
1390 1592 1394 1596 .

443 1629 769 1671 Monasterium
799 1628 951 1670 Sancti
976 1628 1181 1676 Genesii,
1221 1627 1264 1668 in
1298 1627 1413 1669 festo

503 1701 654 1743 Sancti
672 1700 902 1742 Michaelis
916 1735 1398 1741 .................

441 1773 552 1814 Item
576 1772 710 1823 idem,
743 1772 787 1812 in
809 1771 921 1813 [esto
950 1771 1102 1813 Sancti
1123 1771 1372 1812 Michaelis.
1397 1807 1401 1811 .

445 1843 672 1885 Prioressa
719 1844 852 1884 Beate
899 1842 1035 1884 Marie
1079 1843 1133 1884 de
1170 1842 1410 1890 Bonoloco,

501 1914 613 1957 alias
642 1916 695 1956 de
727 1914 994 1969 VignogolQ
1033 1927 1113 1968 pro
1149 1914 1300 1955 vineto
1335 1927 1412 1955 seu

503 1988 763 2027 tenemento
796 1987 849 2027 de
880 1986 1027 2027 Sarra.
1061 1985 1226 2027 situato
1248 1985 1294 2026 in
1316 1999 1416 2040 par-

504 2058 653 2099 rochia
680 2059 734 2099 de
760 2057 996 2113 Veymna,
1023 2056 1142 2104 facit,
1174 2057 1304 2099 annis
1327 2057 1417 2099 sin—

500 2129 632 2183 gulis,
658 2130 767 2171 dum
794 2128 1056 2184 requiritur.
1097 2163 1399 2170 ...........

446 2201 624 2243 Fratres
654 2189 957 2256 predicatores
996 2200 1410 2255 Montispessulani.

504 2286 585 2327 pro
613 2271 883 2314 fundacione
911 2271 1109 2323 ecclesie,
1137 2271 1305 2314 iaciunt
1334 2286 1413 2327 pro

503 2344 674 2386 usatico
707 2344 748 2385 in
779 2346 937 2386 octava
964 2343 1275 2399 apostolorum
1300 2343 1417 2385 Petri

503 2418 546 2457 et
572 2415 696 2458 Pauli
716 2415 761 2456 in
781 2415 907 2471 junio
922 2451 1402 2456 .................

444 2487 623 2529 Fratres
647 2487 797 2529 Sancti
821 2486 1060 2541 Augustini
1089 2487 1416 2542 Montispessu-

501 2559 607 2601 lani.
626 2573 706 2614 pro
719 2558 989 2600 fundacione
1006 2558 1205 2601 ecclesie.
1226 2558 1410 2601 faciunt.

503 2631 705 2686 quolibet
735 2644 869 2677 anno,
909 2629 953 2671 in
992 2629 1106 2672 festo
1135 2630 1286 2672 Sancti
1327 2632 1415 2672 An-

502 2703 622 2744 drce.
653 2735 1373 2744 .........................

496 2937 542 2981 ¹1)
573 2936 704 2972 Cart:
736 2940 937 2970 Sorrores.

493 2997 542 3038 μ’)
572 2996 703 3031 Cart:
733 2998 890 3030 sancto.

1530 500 1566 528 c.
1592 486 1739 528 furcas
1758 498 1994 540 ceparum.

1531 572 1560 610 η
1583 556 1779 599 sextaria
1805 556 2005 612 amigda-

1596 629 1756 669 larum.

1531 785 1541 811 1
1563 770 1814 812 sextarium
1835 769 2000 813 mellis.

1529 926 1556 953 x
1584 913 1665 955 sol.
1698 916 1754 954 ts.

1532 1070 1543 1096 1
1571 1055 1647 1096 lib.
1679 1068 1793 1097 cere.

1538 1284 1559 1309 v
1582 1269 1663 1310 sol.

1536 1498 1547 1525 ι
1575 1483 1762 1526 obolum
1789 1484 1902 1526 auri.

1527 1570 1556 1596 11
1586 1555 1786 1598 sextaria
1813 1555 1915 1598 olei.

1531 1714 1559 1740 11
1587 1699 1915 1742 marabotinos.

1536 1786 1557 1812 L
1585 1771 1666 1813 sol.
1700 1771 1832 1826 melg.
1888 1761 1890 1763 ¹

1535 2144 1594 2171 vu
1621 2130 1725 2172 den.
1750 2131 1886 2186 melg.

1536 2432 1547 2458 1
1564 2418 1901 2460 marabotinum
1911 2418 2010 2461 auri

1536 2718 1547 2745 1
1562 2705 1900 2747 marabotinum
1911 2705 2012 2748 auri
