2100 3583
842 343 892 347 —
929 319 1008 361 ΞΗ
1049 346 1101 351 -

182 390 314 432 matri
344 395 491 435 vestre
520 394 727 447 llicurde,
753 401 795 439 el
825 399 1022 443 Aireline
1051 407 1090 444 el
1125 405 1369 448 liei-{rande
1397 408 1450 449 de
1473 408 1757 452 Moniclnuro

181 460 279 503 viro
298 475 393 511 SuO,
416 466 460 506 et
480 464 660 512 Othoni.
684 467 775 512 lilio
794 470 992 513 Aiceline
1009 476 1049 514 ei
1067 477 1297 529 qnondam
1323 479 1437 520 l'etri
1455 481 1507 521 de
1530 480 1751 530 Corncme,

180 534 225 575 et
248 533 476 577 Willelmo
498 539 543 578 et
570 538 701 580 Petro
722 539 829 583 filiis
851 541 1101 602 XWillelmi]
1130 547 1184 588 de
1207 548 1411 592 Cornone
1439 554 1483 593 et
1509 551 1677 598 Dulcie.
1710 556 1756 595 et

179 605 517 650 successoribus
540 609 727 659 vestris,
755 615 801 653 ut
826 612 997 656 faciatis
1020 617 1317 661 munitionem
1347 634 1426 663 seu
1449 626 1644 665 castrum
1674 624 1753 667 ubi

176 674 310 718 vobis
331 676 551 732 placuerit
572 679 616 721 in
639 683 732 724 toto
757 684 964 727 terminio
983 687 1038 728 de
1057 686 1325 745 Vimgquou
1350 693 1608 736 terminium
1629 708 1656 737 a
1680 709 1751 738 me

177 747 222 788 et
238 746 297 788 ab
320 747 515 792 Ecclesia
537 751 845 807 Magalonensi
867 757 924 797 ad
948 756 1133 800 feudum
1155 760 1345 809 habetis,
1369 766 1412 806 et
1431 764 1749 820 jusjurandum

177 816 314 860 michi
333 822 379 862 et
405 823 742 866 successoribus
766 827 931 869 nostris
955 828 1098 872 facere
1126 832 1315 874 debetis.

234 888 403 933 Omnes
423 894 577 935 autem
599 895 902 946 munitiones,
934 914 1048 954 quas
1086 916 1165 943 vos
1195 904 1264 946 vel
1299 919 1581 950 successores
1610 910 1749 951 vestri

76 1003 85 1018 ‹
108 1015 109 1018 Ἰ
174 959 222 1003 in
246 962 449 1016 predicto
479 965 688 1009 terminio
711 968 765 1010 de
793 969 900 1012 Vico
930 970 1146 1022 feceritis,
1175 975 1308 1018 michi
1336 980 1379 1020 et
1412 980 1747 1023 successorihus

114 1089 118 1092 .
172 1032 357 1086 nostris,
387 1035 797 1094 quotienscumque
819 1042 1134 1096 quesierimus,
1164 1048 1349 1090 reddere
1371 1050 1575 1099 debetis;
1607 1054 1666 1102 et,
1697 1055 1747 1094 ut

172 1100 363 1154 faciatis,
395 1108 440 1148 et
466 1105 662 1151 fideliter
682 1112 888 1160 servetis,
921 1128 1003 1156 vos
1038 1119 1081 1158 et
1117 1131 1398 1163 successores
1424 1122 1576 1173 vestri,
1608 1137 1746 1166 unus-

170 1173 365 1232 quisque
382 1190 464 1232 pro
485 1179 692 1234 portione
714 1195 811 1232 sua,
838 1184 972 1227 michi
995 1189 1038 1229 et
1059 1191 1395 1233 successoribus
1419 1193 1584 1236 nostris
1603 1194 1746 1250 jusju-

114 1296 120 1301 ⁶
168 1247 364 1290 randum
390 1251 668 1304 prestabitis.

228 1318 438 1363 Preterea
475 1322 661 1366 ecclesie
707 1325 870 1369 Sancte
913 1329 1129 1373 Leocadie
1169 1333 1223 1375 de
1265 1334 1386 1381 Vico,
1419 1338 1464 1378 et
1490 1338 1742 1392 precentori

168 1389 373 1446 ejusdem
401 1392 600 1443 ecclesie,
623 1395 754 1451 juxta
781 1400 970 1442 eandem
1013 1403 1265 1453 ecclesiam,
1298 1420 1378 1461 pro
1418 1407 1604 1451 arbitrio
1639 1423 1741 1452 meo

166 1460 242 1504 vel
279 1475 592 1508 successorum
627 1480 863 1524 meorum,
906 1476 1042 1527 prout
1069 1478 1346 1530 oportunum
1393 1478 1554 1529 luerit,
1595 1484 1740 1524 estare

166 1545 268 1576 cum
291 1534 386 1578 suis
410 1537 697 1591 pertinentiis
719 1540 901 1585 dabitis.

225 1604 271 1648 Si
298 1605 402 1662 quis
440 1611 595 1652 autem
632 1611 763 1655 vobis
797 1613 869 1656 vel
904 1618 1242 1661 successoribus
1265 1621 1449 1670 vestris,
1475 1623 1556 1665 has
1591 1624 1739 1666 muni-

163 1675 316 1720 ciones
351 1681 645 1724 construhere
689 1686 733 1726 et
773 1685 983 1729 edificare
1028 1689 1307 1739 volentibus,
1358 1693 1735 1749 impedimentum

161 1746 347 1804 aliquod
384 1749 563 1801 fecerit,
606 1756 685 1797 aut
716 1755 930 1800 infestare
965 1763 1320 1817 presumpserit,
1361 1778 1440 1820 per
1479 1769 1621 1809 meet
1656 1781 1737 1823 per

162 1831 446 1866 successores
472 1836 600 1867 meos
629 1827 757 1869 vobis
785 1830 1016 1883 promitto,
1042 1835 1086 1874 el
1107 1835 1292 1876 eosdem
1321 1850 1603 1880 successores
1624 1839 1736 1881 obli-

159 1893 305 1947 gatos,
330 1896 381 1936 ut
399 1893 521 1938 idem
542 1895 748 1951 facerint,
777 1900 997 1957 relinquo,
1020 1905 1157 1959 quod,
1180 1906 1393 1950 omnihus
1417 1910 1578 1958 modis,
1606 1911 1734 1953 vobis

72 1978 83 1983 -
103 2007 106 2010 ,
158 1960 308 2007 fidelis
330 1965 512 2022 adjutor
537 1970 582 2010 et
601 1973 830 2024 protector
850 1973 945 2015 sine
969 1988 1178 2030 enganno
1203 1991 1292 2020 ero.

217 2034 312 2078 Hoc
336 2035 423 2080 fuit
449 2037 619 2082 factum
645 2043 766 2097 apud
789 2044 1064 2095 Coi-nonum,
1091 2047 1133 2089 in
1164 2049 1328 2091 solorio
1351 2054 1469 2106 quod
1504 2052 1585 2095 ruit
1608 2054 1652 2095 Ρ.
1677 2055 1731 2097 dc

155 2105 363 2151 Cornone
383 2142 393 2162 ,
424 2109 470 2152 in
496 2113 731 2166 presencia
771 2115 919 2158 Poncii
954 2120 999 2159 et
1026 2119 1262 2163 Fulcrondi
1290 2124 1728 2179 archidiaconorum‚

69 2171 92 2240 ι’
155 2176 403 2239 B[ernardi]
443 2181 675 2226 Gaucelmi
716 2188 961 2242 prepsssiti,
1009 2191 1054 2232 Β.
1100 2192 1155 2233 de
1191 2193 1435 2248 Fignirem,
1485 2197 1632 2239 l’oneii
1674 2199 1728 2241 de

92 2244 94 2250 ⁸
154 2247 322 2299 Grecio‚
353 2251 588 2297 Bertrandi
609 2257 665 2298 de
687 2255 965 2314 Vallnuques
994 2262 1329 2307 caiwnicornm.
1357 2266 1402 2307 Β.
1428 2268 1480 2308 de
1504 2268 1724 2312 Cornone.

151 2319 203 2364 B.
228 2322 465 2380 Rostfigni,
490 2325 542 2368 G.
574 2327 629 2369 de
656 2327 881 2372 Centone.
920 2332 1017 2374 Ber.
1055 2333 1256 2378 Ebrardi.
1289 2336 1488 2379 Guiruldi
1518 2340 1570 2380 de
1605 2340 1729 2395 Beju-

83 2374 102 2402 ’γ
151 2391 282 2446 nicis‚
315 2395 469 2438 Poncii
497 2397 552 2440 de
581 2398 770 2445 Solario.
799 2402 843 2442 l'.
871 2402 1112 2449 Lumberli.
1141 2407 1338 2449 llollwrli
1364 2410 1552 2465 Anglici,
1578 2412 1726 2453 l‘oncii

94 2498 100 2524 5
150 2462 411 2522 Raymundi
430 2501 439 2516 ‚
474 2468 641 2524 Ugonis
668 2471 723 2513 de
757 2472 964 2517 Maurino
986 2510 995 2527 ‚
1033 2476 1267 2520 Berlrandi
1295 2480 1532 2525 Fen-randi.
1564 2483 1728 2526 Beren-

148 2535 263 2592 gatii
289 2537 348 2581 de
372 2537 595 2590 Cornone‚
626 2541 678 2585 G.
711 2544 941 2600 Rostngni,
980 2547 1234 2603 Berengnrii
1269 2552 1323 2592 dc
1361 2552 1556 2601 Omclur„
1586 2555 1638 2597 G.
1670 2557 1725 2598 de

87 2658 99 2668 .,
147 2605 379 2659 Manliae,
422 2611 576 2654 Poncii
603 2613 659 2655 de
685 2615 945 2664 Albalerra,
981 2619 1218 2662 Ruimundi
1242 2622 1471 2666 Gancelmi
1500 2628 1545 2668 et
1572 2626 1725 2668 Berin-

146 2678 260 2734 gerii
279 2679 432 2725 Bovis.
465 2682 686 2728 Silvester
710 2686 888 2743 scripsit
910 2689 1005 2732 hec.

1013 2779 1110 2819 (Reg.
1132 2782 1170 2817 A,
1191 2781 1248 2811 fol.
1269 2782 1306 2812 ¹1»
1327 2788 1354 2812 r⁶
1371 2785 1405 2814 ct
1434 2784 1472 2814 22
1495 2788 1554 2823 ν’).
