2164 3551
1070 257 1121 261 —
1160 231 1251 272 470
1282 256 1336 261 —

417 320 612 369 Genesli,
646 321 687 359 et
720 316 928 358 homines
950 315 1120 356 ibidem
1152 314 1408 355 habitantes
1433 316 1611 354 vest-ros
1638 325 1753 360 esse,
1786 314 1830 353 et
1850 311 1994 353 domi-

418 389 593 432 nacioni
634 388 771 430 vestri
811 385 1074 428 monasterii
1110 385 1262 427 Sancti
1296 384 1476 426 Genesii
1511 383 1740 434 subditos,
1771 381 1992 438 promicto

422 462 495 503 libi
523 474 600 515 per
622 458 983 513 stipulationem.
1016 459 1057 497 et
1084 470 1162 511 per
1190 459 1230 497 te
1259 455 1473 497 omnibus
1502 455 1707 510 ejusdem
1729 452 1994 495 monasterii

422 532 570 574 Sancti
617 528 826 587 [Genesii]
881 527 1170 574 monialibus,
1210 526 1500 581 presentibus
1547 528 1589 567 et
1636 524 1800 567 futuris
1822 558 1830 573 ,
1871 525 1995 580 quod

423 604 629 645 hominos
650 602 752 643 ville
773 599 924 642 Sancti
943 599 1123 641 Genesii
1145 599 1229 641 sub
1253 612 1354 639 mea
1375 597 1689 639 dominacione
1708 596 1780 638 vel
1799 595 1995 638 tuicione

421 675 632 728 deinceps
660 686 750 714 non
777 671 1011 726 recipiam.
1054 684 1136 712 nec
1162 670 1300 725 recipi
1334 669 1521 717 faciam3
1556 671 1600 710 et
1627 668 1664 710 si
1686 681 1800 723 quos
1828 666 1991 723 recepi,

425 746 490 787 vel
520 760 545 787 a
575 743 749 786 vicariis
784 742 912 783 meis.
960 755 1059 783 meo
1090 741 1286 783 nomine.
1321 743 1427 782 sunt-
1460 739 1642 794 recepti,
1675 752 1776 781 eam
1804 738 1996 793 promis-

422 818 595 858 sionem
631 818 669 857 et
702 813 1009 856 salvacionem
1042 813 1121 853 tibi
1159 813 1302 860 solvo,
1333 814 1376 853 et
1404 825 1481 853 eos
1504 824 1664 852 omnes
1686 823 1713 852 a
1739 809 1997 852 salvacione

422 892 463 930 et
488 887 679 930 tuicione
700 899 801 927 mea
819 896 1049 930 removeo,
1074 887 1118 925 et
1141 884 1284 939 ejicio.
1312 886 1355 925 et
1375 885 1599 924 remotam
1620 881 1726 923 volo
1747 884 1792 923 et
1809 881 1993 928 mando;

423 974 501 1001 nec
530 972 620 1001 eos.
643 958 713 998 vel
736 957 935 1011 aliquem
958 956 1266 1010 predictorum
1288 954 1529 996 hominum
1551 953 1696 995 tocius
1718 952 1822 994 ville
1845 951 1998 994 Sancti

423 1029 624 1072 (lenesii.
658 1031 813 1070 contra
845 1040 942 1068 vos.
975 1026 1048 1067 vel
1075 1029 1231 1067 contra
1259 1024 1590 1067 monasterium
1618 1023 1771 1066 Sancti
1797 1023 1993 1072 Genesii,

426 1100 752 1143 manutenebo.
785 1098 1027 1140 delendam
1057 1097 1126 1139 vel
1156 1097 1371 1142 salvabo;
1403 1109 1485 1137 nec
1511 1109 1537 1137 a
1564 1095 1678 1137 meis
1705 1094 1901 1144 vicariis,
1925 1094 1999 1136 vel

425 1186 582 1215 eorum
611 1171 824 1225 aliquem.
851 1171 1007 1211 contra
1034 1182 1116 1209 vos
1145 1168 1311 1210 salvari
1339 1167 1411 1209 vel
1433 1166 1615 1209 defendi
1637 1166 1756 1208 volo.

487 1245 597 1285 Ymo
619 1256 673 1284 ne
697 1242 777 1284 fiat
799 1240 1064 1296 prohibicio.
1087 1254 1220 1295 porro
1238 1240 1274 1281 si
1293 1239 1482 1294 predicti
1497 1238 1707 1280 homines
1723 1237 1828 1280 ville
1847 1237 2000 1280 Sancti

423 1315 618 1359 Genesii.
646 1314 715 1356 vel
738 1327 896 1355 eorum
918 1312 1098 1367 aliquis,
1121 1313 1179 1354 ad
1201 1311 1386 1353 alterius
1406 1310 1671 1365 confugiant
1692 1309 1763 1352 vel
1786 1324 1832 1352 se
1854 1312 2001 1352 trans-

427 1388 571 1429 ferant
599 1386 926 1435 salvacionem,
962 1384 1097 1426 michi
1134 1384 1206 1425 vel
1238 1383 1351 1425 meis
1388 1383 1473 1424 hoc
1499 1382 1707 1437 apperire
1735 1384 1779 1424 et
1804 1382 2000 1424 clamare

424 1459 613 1502 debetis.
631 1461 675 1499 et
694 1472 719 1499 a
742 1457 998 1499 salvacione
1026 1456 1103 1497 illa
1122 1469 1199 1497 eos
1218 1456 1465 1497 removebo
1480 1457 1524 1496 et
1542 1454 1768 1496 removeri
1785 1452 1996 1512 [facian1]‚

425 1536 559 1586 atque
581 1531 634 1571 ad
662 1532 860 1571 vestram
883 1527 1250 1570 dominacionem
1279 1527 1424 1568 redire
1445 1526 1623 1568 faciam.

484 1603 844 1656 Verumplamen
879 1600 917 1641 si
944 1599 1100 1641 villam
1131 1598 1283 1641 Sancti
1310 1597 1513 1645 Genesii,
1545 1597 1619 1640 vel
1649 1596 1858 1639 homines
1885 1596 2003 1653 ejus-

426 1677 529 1717 dem
557 1673 677 1715 ville.
704 1671 781 1727 qui
810 1672 946 1713 modo
967 1670 1028 1712 ibi
1050 1673 1157 1712 sunt.
1178 1670 1248 1712 vel
1274 1670 1319 1711 in
1340 1672 1475 1712 antea
1495 1668 1678 1717 fuerint,
1706 1669 1792 1711 sub
1812 1668 2003 1724 alicujus

426 1745 682 1788 salvacione
717 1743 786 1785 vel
817 1742 1103 1798 proteccione
1137 1741 1411 1784 constituere
1445 1740 1697 1789 volueritis,
1729 1754 1820 1782 non
1853 1739 2005 1782 licebit

425 1819 507 1859 hoc
536 1816 681 1865 vobis,
707 1815 792 1857 nisi
818 1817 994 1856 tantum
1018 1814 1102 1855 sub
1126 1827 1225 1855 mea
1248 1812 1506 1855 salvacione
1528 1812 1600 1854 vel
1624 1825 1850 1854 meorum.

485 1890 537 1930 Et
559 1902 639 1943 ego
670 1886 904 1928 Eldiardis.
934 1885 1167 1927 abbatissa
1202 1884 1466 1927 monasterii
1502 1884 1657 1926 Sancti
1689 1883 1897 1931 Genesii,
1923 1897 2005 1938 per

428 1975 497 2002 me
527 1963 566 2001 et
598 1973 676 2014 per
709 1958 976 1999 universum
1008 1957 1213 2012 ejusdem
1252 1955 1518 1998 monasterii
1555 1958 1861 2002 conventum,
1902 1969 2005 2010 pro-

430 2032 558 2074 mitto
583 2030 661 2071 tibi
684 2030 869 2071 domino
891 2026 1197 2086 Rlaimundol.
1218 2027 1297 2069 Dei
1317 2027 1463 2082 gratia
1481 2027 1585 2069 duci
1604 2027 1831 2076 Narbone,
1851 2025 2005 2068 comiti

429 2103 637 2145 Tliolose.
664 2100 914 2143 marchioni
937 2099 1186 2141 Provincie.
1211 2100 1331 2154 quod
1357 2098 1512 2140 villam
1537 2098 1688 2140 Sancti
1709 2097 1906 2145 Genesii,
1932 2097 2005 2139 vel

429 2175 637 2216 homines
668 2173 834 2214 ibidem
866 2174 1112 2219 morantes,
1152 2171 1236 2212 sub
1267 2171 1453 2212 alterius
1483 2169 1736 2212 salvatione
1758 2169 1830 2211 vel
1852 2169 2006 2212 defen-

429 2247 554 2287 sione.
578 2260 666 2287 non
696 2245 1043 2287 constituamus.
1078 2243 1147 2285 vel
1171 2244 1480 2297 deponamus,
1513 2243 1592 2284 sed
1620 2244 1820 2284 vestram
1842 2244 1887 2284 et
1908 2255 2007 2283 suc-

428 2332 657 2358 eessorum
676 2320 931 2358 vestrorum
954 2315 1260 2357 salvacionem
1278 2318 1319 2356 et
1338 2313 1671 2369 proteccionem
1690 2328 1769 2369 pre
1791 2313 2006 2356 omnibus

429 2391 543 2433 aliis.
570 2403 672 2431 cum
697 2402 880 2430 necesse
903 2388 1053 2430 fuerit.
1080 2387 1314 2441 eligemus.

491 2465 651 2504 Actum
681 2465 747 2503 est
775 2462 859 2503 hoc
886 2461 1008 2516 apud
1037 2461 1339 2505 Nemausum,
1384 2461 1513 2500 extra
1550 2458 1724 2513 portale
1758 2458 1813 2499 de
1852 2458 2008 2499 Porta-

434 2536 584 2576 rades.
623 2533 882 2575 ‹Toni-oratis
914 2535 957 2574 et
983 2533 1040 2574 ad
1069 2533 1153 2573 hoc
1182 2531 1349 2586 rogatis
1380 2530 1589 2579 testibus,
1616 2529 1782 2571 Poncio
1803 2529 1858 2571 de
1880 2528 2008 2571 Vice-

434 2606 588 2648 nol›rio
612 2604 909 2647 Nemausensi
932 2604 1133 2649 sacrista.
1160 2602 1427 2645 Carbonello
1450 2601 1717 2657 presbit-ero,
1740 2601 1931 2656 Hugone
1952 2601 2007 2643 de

435 2681 599 2720 Sans-to
627 2678 845 2719 Jolianne.
882 2677 930 2718 R.
963 2677 1016 2717 de
1045 2675 1303 2718 Cairanicis.
1335 2675 1457 2716 Bone
1484 2674 1619 2717 Vide.
1646 2674 1695 2716 R.
1729 2672 2005 2721 Scobolerio,

433 2750 662 2790 NYillelmo
678 2756 685 2795 <
702 2749 738 2801 l)
759 2749 967 2795 Textore,
994 2746 1241 2789 Adailaicia
1261 2745 1523 2793 Minovissa,
1547 2748 1591 2787 et
1612 2746 1661 2788 R.
1682 2745 1737 2787 de
1754 2743 2010 2800 Margaritis

505 2921 513 2953 l
565 2920 690 2953 Cart.:
725 2916 916 2952 Vibulmo.
