2164 3551
1061 291 1239 333 —196
1293 318 1325 322 -

408 375 564 423 Maria,
596 375 693 431 ejus
724 389 863 423 soror,
894 378 938 417 et
971 389 1053 430 ego
1088 376 1385 425 Raimundus,
1408 375 1530 417 filius
1552 374 1687 430 hujus
1716 374 1869 423 Marie‚
1900 388 1983 417 nos

409 459 567 488 omnes
594 460 674 501 per
696 460 777 488 nos
806 449 850 488 et
876 460 956 502 per
982 449 1218 489 nostros...
1256 447 1553 490 vendimus...
1593 445 1674 487 tibi
1704 445 1977 494 Raimundo‚

410 518 717 573 Magalonensi
745 518 973 573 episcopo,
1008 521 1052 560 et
1087 519 1423 561 successoribus
1450 518 1555 560 tuis.
1592 520 1636 559 et
1663 517 1830 572 quibus
1851 517 1983 559 dimi-

409 589 519 630 seris
546 590 603 631 ad
627 603 786 631 omnes
808 590 1068 632 voluntates
1097 593 1325 632 vestras...
1360 589 1528 631 scilicet
1553 591 1698 630 totum
1720 588 1832 631 illud
1859 588 1984 644 quic-

408 661 517 716 quid
555 660 611 702 sit
644 662 765 716 quod
804 662 1110 709 habebamus,
1161 665 1205 703 et
1247 662 1413 703 habere
1457 661 1760 708 debebamus,
1806 660 1852 701 in
1889 662 1983 703 tota

407 731 646 787 parrochia
668 732 820 774 Sancti
844 733 1064 788 Stephani
1084 734 1139 775 de
1162 734 1373 780 Pruneto.
1400 732 1610 774 videlicet
1633 731 1865 779 vicariam,
1890 731 1984 787 jus-

410 803 575 855 ticiam,
595 803 745 851 tostas,
769 803 959 858 quistas,
981 804 1179 859 alberga,
1205 804 1435 851 bonarios,
1461 803 1648 850 usatica,
1672 803 1745 844 vel
1766 803 1983 858 quicquid

408 875 572 930 sitque
594 888 621 916 a
643 877 698 921 te.
741 875 926 917 domino
954 875 1225 924 Raimundo,
1258 874 1568 931 Magalonensi
1591 874 1820 930 episcopo,
1846 874 1984 917 habe-

408 948 571 988 bamus
594 949 637 988 et
667 947 949 989 tenebamus.

468 1019 655 1073 Propter
682 1019 798 1060 hanc
826 1022 978 1061 autem
1009 1019 1327 1061 vendicionem
1356 1021 1399 1060 et
1427 1017 1703 1060 solucionem
1732 1017 1982 1072 predictam

407 1093 451 1132 et
479 1089 843 1132 inrevocabiliter
869 1104 1233 1145 permansuram,
1266 1094 1325 1137 tu,
1356 1090 1623 1137 Raimunde,
1647 1083 1983 1144 Magalonensis

407 1162 643 1217 episcope,
691 1162 855 1204 dedisti
890 1163 951 1217 (1)
998 1163 1129 1205 nobis
1172 1161 1491 1217 suprascriptis
1533 1161 1564 1203 G
1606 1160 1775 1203 solidos
1812 1161 1984 1216 melgo—

406 1232 593 1276 rienses.
620 1233 682 1275 ita
704 1234 823 1288 quod
847 1234 983 1276 nichil
1011 1248 1068 1276 ex
1090 1233 1176 1275 hiis
1199 1233 1417 1276 remansit
1438 1234 1559 1288 apud
1589 1235 1629 1274 te
1658 1232 1703 1273 in
1727 1232 1908 1284 debit03
1940 1236 1984 1275 et

406 1305 445 1346 si
474 1305 575 1359 plus
597 1319 654 1346 ex
682 1306 765 1346 hoc
794 1306 943 1360 precio
974 1306 1106 1359 vale-t,
1140 1306 1250 1347 illud
1278 1308 1425 1347 totum
1459 1305 1579 1346 bono
1607 1303 1761 1346 animo
1789 1306 1835 1346 et
1857 1317 1985 1347 mera

406 1376 674 1418 liberalitate
696 1376 777 1418 tibi
807 1377 1019 1432 episcopo
1042 1378 1204 1419 damus
1222 1377 1328 1418 etin
1354 1379 1394 1418 te
1418 1376 1706 1418 conferimus.

466 1449 578 1490 Item
595 1448 918 1503 promittimus,
946 1455 1023 1490 ete.
1054 1451 1241 1500 (comme
1263 1462 1325 1490 αα
1353 1448 1411 1489 ΝΟ
1430 1448 1607 1503 XCVI),
1637 1446 1862 1504 J'usqzc'c'z:
1885 1448 1983 1490 ubi-

407 1534 602 1575 cumque
626 1520 729 1562 sint.

465 1593 517 1634 Et
550 1593 737 1648 insuper
765 1606 847 1648 ego
875 1593 1028 1641 Maria,
1070 1596 1113 1634 et
1141 1606 1223 1646 ego
1254 1592 1551 1634 Raimundus.
1585 1592 1682 1646 ejus
1712 1591 1848 1643 filius,
1879 1605 1982 1647 pro-

407 1665 630 1706 mittimus
664 1667 708 1706 et
729 1665 1027 1706 convenimus
1055 1664 1202 1712 vobis,
1237 1667 1280 1706 et
1314 1664 1469 1711 eciam,
1514 1663 1644 1705 tactis
1684 1663 1982 1705 sacrosanctis

407 1736 654 1791 evangeliis
687 1736 992 1791 corporaliter.
1029 1737 1235 1792 juramus
1269 1737 1390 1791 quod
1418 1749 1655 1791 nunquam
1683 1738 1839 1777 contra
1867 1736 1984 1777 hanc

407 1808 684 1849 solucionem
721 1811 764 1849 et
785 1808 1100 1850 vendicionem
1137 1808 1384 1863 predictam
1417 1807 1673 1860 veniamus,
1705 1821 1788 1849 nec
1814 1807 1980 1863 aliquis

406 1880 560 1927 homo,
586 1880 658 1921 vel
680 1879 865 1927 femina,
890 1883 985 1922 arte
1014 1880 1084 1921 vel
1113 1879 1301 1921 consilio
1322 1882 1501 1927 nostro;
1534 1880 1612 1921 sed
1633 1879 1775 1921 eciam
1797 1879 1980 1921 firmam

409 1954 453 1993 et
480 1954 622 1993 ratam
653 1965 832 2007 semper
853 1965 1036 1993 manere
1068 1952 1295 1993 volumus.

467 2024 621 2065 Testes
644 2027 749 2065 sunt
768 2024 999 2065 lohannes
1021 2024 1075 2065 de
1099 2024 1382 2065 Montclauro
1404 2023 1765 2071 archidiaconus,
1797 2023 1980 2066 Guillel-

408 2108 510 2136 mus
548 2095 680 2143 Petri.
716 2095 907 2137 Poncius
941 2096 996 2137 de
1024 2095 1190 2143 CreciO.
1229 2096 1485 2137 Bernardus
1512 2096 1566 2137 de
1596 2095 1733 2150 Boga.
1759 2095 1979 2143 canonici,

408 2166 624 2221 magister
661 2167 917 2214 Maurinus,
949 2167 1248 2222 Berengarius
1288 2168 1342 2208 de
1376 2167 1528 2215 Virac,
1572 2167 1978 2215 PetrusRomieu,

408 2240 566 2280 Petrus
589 2239 832 2287 Lamberti,
864 2239 1106 2281 Guiraldus
1135 2240 1188 2281 de
1211 2239 1447 2294 Bejanicis.
1475 2242 1518 2280 et
1552 2239 1771 2281 Silvester
1797 2239 1875 2295 qui
1902 2240 1985 2282 hec

408 2310 601 2365 scripsit.

468 2382 557 2423 Sed
592 2382 824 2424 sciendum
860 2385 928 2424 est
955 2384 1076 2437 quod
1107 2382 1388 2424 Raimundus
1417 2382 1646 2437 predictus
1678 2382 1841 2425 habuit
1872 2383 1985 2425 duo-

409 2453 554 2495 decim
577 2453 787 2495 denarios
815 2468 896 2509 pro
924 2454 1232 2496 laudamento.

1410 2557 1501 2591 nvn.
1525 2557 1558 2589 li,
1582 2556 1639 2586 fol.
1664 2557 1724 2586 *1:¹50
1739 2558 1804 2594 νο).

462 2677 507 2710 ῚΙᾺ
540 2677 664 2711 (λιι-ιη
689 2676 867 2711 dedistis.

2102 3294 2147 3551 *he-w
2118 3192 2136 3280 *w-
2126 3115 2144 3171 u„
