2100 3583
803 300 1067 344 —183-

153 384 346 428 Domino
372 385 480 434 Deo,
506 386 551 427 et
569 384 763 427 Ecclesie
784 384 1112 440 Magalonensi,
1135 387 1180 428 et
1200 385 1281 427 tibi
1307 384 1512 440 ejusdem
1532 383 1725 427 Ecclesie

156 457 385 513 episcopo,
416 459 461 499 et
487 455 824 499 successoribus
848 456 952 509 tuis,
983 457 1218 499 ecclesiam
1248 457 1400 500 Sancti
1425 456 1645 499 Johannis
1673 456 1727 498 de

159 529 279 572 Roca
298 541 402 571 cum
423 528 636 570 omnibus
656 527 945 583 pertinenciis
970 528 1079 570 suis.
1111 532 1155 571 et
1175 542 1263 584 que
1286 528 1510 584 pertinere
1533 528 1724 572 debent:

157 602 204 642 et
229 600 375 642 eidem
415 599 600 642 ecclesie
637 599 787 641 Sancti
825 599 1045 641 Johannis
1079 601 1134 641 sle
1165 601 1294 643 Roca.
1328 603 1371 642 et
1400 600 1479 642 tibi
1510 601 1639 641 Petro
1673 600 1727 641 de

159 671 395 719 Ferrariis‚
423 671 627 727 ejusdem
655 670 839 713 ecclesie
874 671 1169 726 procuratori.
1196 675 1239 714 et
1260 671 1596 714 successoribus
1619 671 1723 715 tuis.

159 742 380 786 solvimus
405 742 453 785 in
474 756 613 785 manu
640 742 815 785 domini
844 742 1132 800 R[aimun‹li].
1156 743 1489 798 Magalonensis
1510 742 1727 798 episcopi,

155 813 393 858 ecclesiam
421 814 571 857 Sancti
599 813 818 856 Johannis
840 813 904 867 (1)
932 827 1034 856 cum
1063 815 1277 856 omnibus
1300 814 1589 870 pertinenciis
1616 813 1725 856 suis.

157 888 310 942 etque
336 885 562 942 pertinere
594 886 777 929 debent,
803 887 852 927 ut
875 886 930 927 de
958 887 1105 927 cetero
1126 886 1313 928 ecclesia
1335 886 1486 928 Sancti
1510 884 1731 927 Johannis

157 959 203 1001 et
239 960 302 1005 tu,
334 957 533 1013 predicte
570 958 713 1000 Petre.
743 959 786 999 et
818 969 1101 999 successores
1124 957 1203 1004 tui,
1235 959 1408 1013 absque
1430 956 1554 1000 omni
1578 959 1730 998 nostra

158 1031 512 1084 nostrorumque
542 1028 854 1084 inquietudine
894 1031 939 1070 et
969 1028 1350 1082 contradiccione‚
1382 1042 1483 1071 eam
1512 1031 1730 1084 perpetuo

157 1100 299 1144 libere
319 1099 526 1143 habeatis
546 1113 649 1142 cum
670 1099 884 1142 omnibus
912 1099 1201 1154 pertinenciis
1235 1100 1344 1147 suis,
1377 1103 1421 1142 et
1440 1099 1727 1156 possideatis.

218 1172 450 1225 Donamus
483 1172 652 1228 quique
685 1171 832 1214 eidem
873 1171 1058 1214 ecclesie
1093 1172 1243 1214 Sancti
1277 1172 1519 1215 Johannis.
1557 1174 1601 1214 et
1633 1170 1727 1213 tibi.

159 1245 306 1293 Petro,
331 1246 377 1286 et
402 1243 739 1287 successoribus
759 1243 863 1287 tuis.
889 1244 1119 1298 quoddam
1143 1246 1261 1286 stare
1283 1245 1404 1298 quod
1427 1243 1510 1285 fuit
1533 1243 1650 1285 Petri
1677 1242 1731 1284 de

159 1315 279 1359 Roca
298 1328 402 1358 cum
439 1315 653 1357 omnibus
680 1314 971 1371 pertinenciis
999 1314 1108 1357 suis.
1146 1318 1188 1357 et
1221 1314 1478 1357 confrontat
1513 1328 1570 1357 ex
1600 1313 1732 1356 circio

158 1399 263 1430 cum
284 1386 359 1430 via
379 1386 561 1443 publica
587 1400 675 1442 que
704 1386 865 1429 transit
885 1399 966 1441 per
985 1389 1182 1429 castrum
1206 1387 1569 1434 Canceduerinis‚
1596 1385 1732 1429 etiam

158 1458 240 1502 tibi
266 1460 312 1501 et
337 1458 676 1501 successoribus
696 1457 801 1505 tuis,
829 1461 878 1500 ut
895 1458 931 1501 si
951 1459 1010 1500 ab
1037 1458 1124 1500 hiis
1146 1458 1223 1514 qui
1244 1459 1306 1513 (2)
1329 1459 1459 1514 juxta
1480 1458 1733 1514 predictum

160 1532 280 1573 stare
311 1529 483 1586 aliquid
510 1529 767 1585 possident.
797 1529 969 1585 aliquid
997 1529 1235 1585 adquirere
1264 1530 1417 1585 aliquo
1445 1530 1581 1572 modo
1609 1533 1734 1586 pote-

161 1601 274 1650 ritis,
299 1601 501 1658 predicta
520 1601 722 1650 ecclesia,
748 1604 792 1644 et
814 1606 877 1645 tu.
908 1604 953 1644 et
973 1615 1255 1644 successores
1279 1601 1358 1645 tui.
1383 1602 1556 1657 absque
1580 1604 1733 1643 nostra

160 1673 514 1717 contradictione
537 1676 756 1730 perpetuo
784 1673 991 1716 habeatis
1013 1676 1057 1716 et
1083 1673 1373 1729 possideatis.

221 1745 444 1802 Quicquid
463 1745 650 1802 insuper
670 1745 715 1787 in
742 1748 838 1788 toto
859 1745 1070 1788 terminio
1098 1745 1231 1788 castri
1253 1746 1306 1788 de
1330 1746 1463 1788 Roca.
1491 1746 1561 1788 vel
1591 1759 1615 1788 a
1640 1745 1734 1788 leu-

161 1817 342 1861 dalibus
362 1817 530 1861 nostris
554 1817 626 1860 vel
647 1818 705 1861 ab
727 1817 814 1859 hiis
841 1817 918 1873 qui
945 1817 1117 1873 aliquid
1149 1817 1335 1860 honoris
1367 1818 1550 1860 nomine
1578 1821 1732 1860 nostro

160 1889 412 1946 possident,
442 1889 515 1933 vel
536 1889 780 1932 donatione
807 1889 925 1932 inter
944 1889 1090 1936 vivos,
1126 1889 1197 1931 vel
1227 1891 1516 1937 testamento,
1547 1889 1618 1932 vel
1646 1889 1733 1932 alia

160 1961 335 2005 ratione
355 1961 546 2018 adipisci
570 1961 756 2017 poteris,
789 1964 932 2004 toturn
955 1961 1154 2017 predicte
1182 1961 1366 2004 ecclesie
1390 1961 1540 2003 Sancti
1567 1961 1732 2004 Johan-

161 2033 248 2083 nis,
279 2036 324 2077 et
351 2033 447 2082 tihi,
471 2036 517 2077 et
542 2033 880 2077 successoribus
900 2033 1004 2081 tuis,
1037 2033 1133 2076 sine
1169 2034 1483 2076 retractatione
1512 2034 1733 2076 solvimus

161 2107 208 2149 et
226 2105 532 2149 concedimus.

221 2177 455 2221 Donamus
485 2177 622 2221 etiam
653 2177 852 2233 predicte
886 2177 1070 2220 ecclesie
1102 2178 1158 2220 ad
1182 2177 1437 2220 faciendum
1459 2177 1731 2220 cimiterium

163 2251 331 2293 terram
351 2249 475 2292 illam
499 2262 587 2306 que
609 2248 866 2292 confrontat
889 2262 946 2291 ex
970 2263 1061 2292 una
1082 2252 1208 2305 parte
1235 2262 1335 2291 cum
1360 2252 1459 2291 orto
1481 2249 1649 2304 Ugonis
1677 2250 1732 2292 de

163 2321 298 2370 Roca,
321 2334 379 2364 ex
399 2320 491 2364 alia
510 2323 638 2377 parte
664 2333 767 2363 cum
785 2323 885 2363 orto
904 2321 1023 2363 Petri
1043 2321 1098 2363 de
1121 2321 1251 2363 Roca.

221 2393 521 2436 Concedimus
548 2406 730 2450 quoque
767 2392 848 2435 tibi
886 2395 930 2435 et
974 2392 1310 2435 successoribus
1349 2392 1436 2434 tuis
1478 2395 1525 2434 ut
1554 2406 1734 2448 semper

161 2463 294 2508 liceat
310 2464 373 2522 (3)
410 2464 605 2514 molere,
641 2464 736 2507 sive
769 2463 1030 2507 molturam.
1074 2464 1119 2506 in
1152 2464 1441 2506 mollendinis
1478 2464 1644 2507 nostris
1678 2465 1732 2506 de

162 2537 295 2586 Roca,
325 2539 549 2594 quantum
581 2536 662 2579 tibi
686 2539 731 2579 et
757 2535 928 2580 clericis
955 2536 1124 2578 ibidem
1152 2535 1435 2578 morantibus
1467 2536 1634 2578 molere
1658 2550 1734 2578 ne-

162 2607 410 2652 cessarium
431 2607 581 2652 fuerit.

221 2679 534 2724 promittimus
578 2682 784 2736 preterea
827 2681 949 2736 quod
995 2680 1244 2736 predictam
1295 2680 1527 2723 ecclesiam
1577 2680 1727 2723 Sancti

209 2854 260 2901 (1)
288 2854 415 2892 Cart.:
439 2854 580 2891 Bricii.

209 2914 260 2961 (2)
288 2914 415 2952 Cart.:
437 2924 530 2961 que.

210 2973 261 3022 (3)
288 2974 415 3012 Cart:
440 2974 545 3011 licet.
