2100 3583
796 315 1028 360 —31—

779 543 869 578 XX.
895 563 938 569 —
960 542 1051 579 1099

177 687 430 725 Differend
463 688 603 723 entre
625 686 892 722 Godefroid
909 713 919 728 ‚
947 686 1132 732 eveque
1171 687 1231 722 de
1262 687 1571 733 Maguelone‚
1604 688 1652 722 et

281 747 530 783 Raimond
547 747 614 791 11,
632 748 790 782 comte
810 747 870 782 de
887 746 1135 792 Melgueil,
1157 747 1240 791 qui
1266 755 1319 782 se
1340 747 1544 782 soumet.

186 888 352 930 Notum
374 888 430 930 sit
452 888 719 930 omnibus..
739 888 859 942 quod
880 886 1174 929 [wimundus.
1193 886 1502 942 Msdgsmiensis
1523 898 1689 929 comes,

126 961 312 1015 propter
334 958 619 1013 naufragium
647 961 689 1000 et
717 958 924 1013 albergas
946 971 1059 1013 quas
1090 972 1168 1013 per
1192 958 1280 999 vim
1316 958 1357 999 in
1380 957 1619 999 villanova
1650 958 1691 997 et

126 1030 235 1073 aiibi
274 1030 319 1072 in
355 1030 505 1073 alodio
540 1031 689 1072 Sancti
721 1029 861 1072 Petri.
893 1032 1046 1071 contra
1082 1032 1404 1070 testamentum
1439 1029 1579 1084 patris
1606 1027 1691 1069 sui.

126 1101 389 1157 accipiebat,
420 1115 446 1143 a
471 1100 749 1143 Gothofredo
780 1101 991 1156 episcopo
1019 1101 1439 1142 excommunicatus
1467 1103 1557 1143 est:
1593 1102 1694 1155 post

128 1185 267 1229 quam
306 1171 823 1216 excommunicationem
863 1172 1104 1227 episcopus
1145 1172 1221 1213 ivit
1265 1173 1465 1214 Romani.
1521 1172 1571 1213 Et
1605 1185 1693 1212 non

135 1243 278 1286 multo
306 1246 409 1299 post
434 1256 585 1285 comes
609 1243 891 1285 Raimundus
913 1257 1016 1284 eum
1040 1246 1222 1285 secutus
1243 1246 1324 1285 est.

187 1314 427 1370 Quumque
472 1315 609 1356 ambo
648 1314 883 1356 dominum
925 1315 1091 1369 Papam
1131 1315 1360 1357 Urbanum
1390 1314 1423 1355 11
1451 1314 1690 1357 adiissent.

127 1388 403 1442 conquestus
435 1388 504 1428 est
536 1385 777 1441 episcopus
815 1386 870 1427 de
916 1385 1079 1440 injuria
1118 1400 1255 1441 quani
1299 1386 1381 1427 sibi
1422 1389 1465 1428 et
1511 1386 1699 1441 singulis

127 1456 321 1500 Ecclesie
355 1455 639 1499 Raimundus
665 1470 817 1499 comes
853 1456 1018 1512 injuste
1054 1457 1264 1500 faciebat.
1297 1458 1421 1499 etde
1451 1457 1691 1499 violatione

125 1527 387 1571 testamenti
412 1528 551 1583 patris
573 1528 641 1570 sui
663 1541 800 1583 super
822 1528 1040 1570 honorem
1061 1542 1196 1584 quem
1222 1530 1378 1571 Petrus·
1396 1542 1547 1571 comes
1568 1531 1696 1584 pater

125 1598 239 1656 ejus,
265 1612 345 1655 per
363 1599 443 1641 Dei
462 1612 682 1643 amorem,
709 1599 753 1641 in
772 1599 973 1641 alodium
994 1600 1186 1641 Domino
1210 1600 1300 1641 Deo
1322 1603 1363 1642 et
1386 1604 1541 1642 sancto
1567 1601 1694 1642 Petro

127 1671 331 1714 Romane
359 1670 490 1713 Sedis
516 1670 803 1726 imperpetuo
825 1671 1024 1713 dederat.

94 1735 103 1738 ’
183 1742 308 1784 Tunc
321 1741 490 1784 veroin
507 1735 733 1797 presentia
750 1742 1064 1786 cardinalium,
1082 1743 1344 1785 G‹·›thofredi
1362 1743 1693 1798 Magalonensis

125 1813 341 1874 episcopi,
367 1816 412 1856 et
438 1813 652 1856 Bernardi
674 1814 991 1856 archidiaconi.
1019 1814 1168 1856 Poncii
1199 1815 1384 1857 Dionisii
1408 1818 1449 1856 et
1479 1815 1693 1857 Dalmacii

109 1886 182 1932 ,de
201 1885 392 1932 Castris,
427 1888 473 1927 et
504 1884 732 1928 Guillelmi
764 1886 818 1927 (10
854 1886 1086 1928 Cornone.
1131 1890 1174 1928 et
1201 1886 1429 1929 Guitlelmi
1457 1887 1612 1929 militis
1640 1888 1694 1929 de

123 1957 426 2000 Vaiihauches
453 1959 499 1999 et
526 1957 573 1998 B.
604 1958 659 1999 de
684 1957 1014 2000 Vauihnuches.
1037 1960 1082 1999 et
1109 1958 1156 2000 n.
1183 1959 1236 2000 «le
1262 1959 1496 2014 Veyruna.
1522 1963 1563 2001 et
1593 1960 1695 2001 Ber-

122 2027 274 2072 tranni
295 2029 351 2071 de
373 2028 659 2071 Salvinhaco.
692 2032 737 2071 et
761 2029 990 2072 Guillelmi
1014 2030 1068 2071 «10
1102 2030 1344 2072 Valemala.
1379 2031 1608 2073 Bertranni
1638 2032 1692 2073 sle

124 2101 290 2144 Sancto
311 2100 512 2148 Nazario,
532 2100 668 2143 solvit
687 2103 732 2142 et
752 2101 967 2156 guirpivit
989 2101 1035 2142 in
1060 2113 1196 2143 manu
1220 2102 1389 2143 ‹joinini
1411 2104 1542 2158 Pape.
1567 2103 1697 2158 juxta

123 2173 449 2215 testamentum
480 2171 621 2228 patris
657 2172 751 2219 sui,
792 2186 951 2214 omnes
984 2174 1307 2216 ecclesiasticas
1340 2188 1424 2218 res.
1459 2178 1499 2216 et
1539 2188 1698 2217 omnes

122 2242 346 2300 albergas,
365 2257 480 2300 quas
502 2244 547 2286 in
566 2245 734 2286 honore
756 2245 906 2287 Sancti
926 2245 1043 2287 Petri
1059 2245 1285 2300 exigebat:
1306 2246 1495 2301 fecitque
1513 2247 1698 2289 domiuo

125 2314 247 2372 Pape
279 2315 538 2372 supradicto
575 2315 858 2359 hominium.
896 2319 938 2358 et
972 2317 1143 2371 accepit
1173 2317 1437 2359 <minitatum
1467 2332 1599 2360 suum
1623 2333 1702 2374 per

127 2399 291 2430 manus
310 2386 408 2443 ejus
427 2421 436 2435 ‚
471 2387 598 2429 salvo
631 2390 901 2430 testamento
932 2388 1070 2443 patris
1094 2388 1179 2433 sui,
1207 2389 1505 2445 promisitque
1528 2403 1574 2432 se
1604 2391 1702 2432 red-

125 2459 328 2502 diturum
346 2472 428 2515 per
447 2458 651 2514 singulos
671 2472 815 2501 annos
838 2473 975 2501 unam
998 2460 1173 2502 unciam
1200 2461 1295 2502 auri
1321 2461 1522 2504 Romano
1552 2462 1702 2504 Ponti-

123 2529 215 2579 fici,
245 2530 362 2573 sieut
386 2533 516 2586 pater
533 2530 632 2587 ejus
660 2545 741 2587 per
764 2532 1022 2574 testamenti
1054 2532 1264 2587 paginam
1296 2533 1564 2576 instituerat.

187 2603 349 2646 Actum
378 2602 535 2651 Rome,
565 2615 687 2645 anno
713 2604 771 2646 ab
794 2603 1103 2646 Inoarnatione
1133 2604 1310 2646 Domini
1338 2605 1398 2646 M⁰
1419 2605 1606 2648 xcxlx.

188 2746 436 2802 Regressus
450 2759 559 2789 vero
580 2747 635 2789 de
660 2747 815 2792 Roma.
833 2747 903 2789 die
927 2747 1183 2789 Nativitatis
1207 2749 1367 2790 Sancte
1384 2748 1521 2790 Mario
1545 2749 1701 2792 habuit

128 2817 345 2875 placitum
372 2830 474 2860 cum
498 2817 791 2861 Gothofredo.
825 2819 1133 2871 ,magalonensi
1155 2820 1383 2875 episcopo.
1409 2820 1452 2862 in
1475 2820 1701 2875 presentia

126 2889 365 2933 Bertranni
392 2891 435 2932 et
465 2890 647 2945 Augerii
678 2890 1114 2934 archidiarsmornm.
1147 2894 1186 2931 01
1217 2891 1430 2934 Boi-nardi
1468 2892 1697 2935 Gaucelmi

121 2963 168 3005 et
190 2960 344 3004 Poncii
373 2959 607 3004 Gaucelmi
633 2962 978 3005 canonicorum.
1017 2965 1057 3004 et
1092 2963 1301 3005 Daliuacii
1344 2964 1398 3004 (10
1425 2964 1620 3006 Castris.
1653 2968 1695 3005 et
