2100 3583
0 163 27 183 '3
0 102 24 151 ’ω
0 0 33 93 «δι’

47 2 54 7 .

808 319 1037 361 -19-

199 392 266 435 Sit
283 393 346 449 (1)
371 408 479 438 vero
507 396 552 438 in
578 400 803 453 potestate
843 402 1031 447 Romani
1071 408 1320 454 l’ontiticis.
1362 411 1406 454 in
1440 413 1703 471 episcopatu

138 463 469 520 Magalonensi,
516 477 653 523 quem
696 470 914 526 placuerit
953 477 1215 534 episcopum
1251 482 1369 536 juste
1410 488 1453 527 et
1491 487 1705 530 canonice

140 534 366 584 ordinare,
397 540 446 598 et
468 552 549 594 per
573 552 678 582 eum
713 545 757 584 et
786 546 1097 590 auctoritatvm
1121 550 1217 605 ejus
1246 552 1376 596 liccat
1396 556 1705 611 Magalonensi

137 603 348 653 Ecclesie.
371 607 502 663 juxta
521 611 866 656 constitutiones
889 620 930 658 et
952 619 1177 664 declarata
1201 625 1469 669 Sanctorum
1499 629 1699 677 Petrum,

126 686 379 731 personam
414 681 694 735 probabilem
723 687 767 726 et
803 686 1012 730 idoneam
1046 693 1101 733 nd
1138 697 1384 747 regendum
1413 700 1632 754 populum
1660 705 1704 744 et

136 760 209 790 res
235 748 585 801 ecclesiasticas,
616 753 760 802 liceat.
793 757 1007 813 inquam,
1038 766 1077 803 vt
1108 778 1162 805 cx
1193 766 1374 822 liinc(2)
1409 773 1452 812 et
1490 772 1704 829 deinceps

136 819 320 874 qualem
345 821 574 871 diximus,
604 827 887 880 probabilem
922 831 1087 875 scilicet
1113 839 1155 877 et
1197 837 1404 882 idoneam
1442 856 1699 898 personam,

75 915 78 918 Δ
135 888 183 932 in
217 891 483 949 episcopum
517 894 680 952 eligere
717 899 890 955 absque
920 902 1009 945 ulla
1038 906 1140 948 niei.
1177 909 1242 949 vel
1265 910 1455 967 alicujus
1483 914 1702 957 heredum

135 963 217 1005 aut
237 975 550 1008 successorum
569 980 775 1011 meorum
796 974 1163 1019 contradicticme.

129 1033 132 1038 ‘
195 1033 243 1077 Si
277 1035 380 1092 quis
406 1040 559 1080 autem
589 1039 809 1084 heredum
837 1047 915 1086 aut
948 1060 1258 1094 successorum
1299 1067 1502 1099 meorum
1547 1062 1703 1101 contra

135 1103 253 1148 hanc
271 1106 529 1152 donationis
556 1113 601 1153 et
626 1112 991 1160 confirmacionis
1020 1123 1170 1163 nostre
1205 1126 1517 1170 auctoritatem
1546 1133 1590 1172 et
1616 1131 1705 1186 pri-

136 1175 353 1233 vilegium
398 1178 631 1236 insurgere
666 1190 984 1239 presumtuose
1015 1193 1059 1232 et>
1091 1193 1291 1238 obviare.
1331 1201 1452 1252 quod
1480 1201 1612 1249 absit,
1637 1206 1700 1245 at-

135 1249 441 1305 temptaverit,
461 1254 506 1294 et
522 1253 577 1295 de
592 1255 795 1310 predicto
811 1259 1028 1303 comitatu
1045 1263 1280 1308 dominum
1298 1282 1429 1311 suum
1448 1271 1701 1316 Romanum

134 1319 402 1364 Pontificem
422 1336 521 1366 esse
536 1325 700 1369 debere
720 1341 1037 1384 recognoscere
1056 1335 1226 1378 nolueri
1235 1341 1262 1382 t.
1280 1342 1322 1381 ct
1338 1344 1703 1396 prenominatum

133 1403 320 1435 censum
353 1394 409 1437 de
442 1396 674 1446 comitatu,
707 1399 751 1442 id
779 1404 848 1443 est
877 1403 1053 1447 unciam
1087 1408 1209 1456 auri,
1242 1411 1431 1467 singulis
1452 1416 1584 1458 annis
1607 1431 1706 1472 per-

133 1462 311 1508 solvere
345 1468 647 1516 recusaverit,
686 1473 766 1513 aut
802 1471 845 1514 in
885 1474 1090 1519 libertate
1126 1480 1426 1527 ecclesiastica
1458 1487 1512 1529 de
1540 1488 1706 1531 substi-

130 1536 303 1580 tuendo
328 1538 542 1582 canonice
575 1541 790 1598 episcopo
826 1544 871 1586 in
905 1547 1168 1604 episcopatu
1196 1552 1505 1609 Magalonensi
1534 1559 1574 1601 ei
1599 1573 1704 1602 con-

131 1607 348 1650 tradictor
362 1609 578 1660 extiterit,
599 1626 687 1655 non
703 1614 850 1658 valeat
869 1619 1104 1663 vendicare
1120 1626 1240 1677 quod
1264 1625 1428 1682 injuste
1448 1631 1698 1686 repetit(3)‚

132 1678 213 1721 sed
237 1679 470 1735 persolvat
489 1683 706 1726 mulctam
728 1686 790 1739 (4)
819 1702 957 1743 quam
979 1696 1135 1735 sancta
1156 1694 1228 1737 lex
1253 1710 1439 1741 romana
1459 1715 1540 1756 pcr
1560 1703 1702 1746 Theo-

130 1750 328 1799 dosium,
376 1753 653 1797 Archadium
695 1761 739 1798 et
775 1757 1021 1804 Honoriuni
1066 1767 1351 1822 promulgata
1390 1772 1619 1822 decernit:
1659 1779 1703 1818 ct

129 1819 318 1879 insuper
351 1824 652 1870 ecclesiastice
688 1830 918 1885 subjaceat
954 1834 1204 1891 discipline.
1235 1854 1388 1895 quam,
1421 1845 1537 1888 velut
1566 1849 1700 1891 sacri-

130 1891 261 1950 legus
279 1897 325 1938 et
345 1895 508 1940 Sancte
530 1897 723 1942 Ecclesie
746 1901 1013 1954 destructor,
1040 1907 1240 1952 incurrit.

189 1965 291 2009 Feci
309 1969 464 2010 autem
482 1970 732 2024 predictam
748 1974 1038 2020 donationem
1062 1980 1116 2021 dc
1138 1983 1354 2027 comitatu
1373 1990 1415 2029 et
1436 1989 1697 2047 episcopatu

128 2048 213 2092 ego
249 2038 409 2082 Petrus
448 2053 630 2089 comes,
665 2044 759 2087 vice
802 2046 958 2103 b[eati]
1002 2051 1116 2093 Petri
1152 2057 1196 2095 et
1227 2055 1415 2100 Romani
1449 2061 1694 2117 Pontificis,

103 2106 174 2150 xin
195 2117 336 2152 mauu
365 2110 500 2157 Petri,
533 2113 805 2159 Albanensis
844 2119 1056 2176 episcopi,
1083 2127 1255 2168 romani
1283 2128 1432 2183 legati.
1458 2135 1502 2174 et
1528 2133 1701 2178 Gotho-

79 2234 82 2235 7
126 2177 334 2237 frediffi),
359 2182 695 2238 Magalonensis
711 2189 927 2246 episcopi.
945 2194 1354 2247 perinvcstituram
1372 2204 1527 2245 annuli
1552 2207 1637 2248 mci
1654 2211 1698 2250 et

126 2250 355 2303 Protardi,
380 2254 561 2299 abbatis
588 2257 912 2304 Tomeriensis.
944 2278 1064 2307 anno
1088 2267 1409 2313 incarnationis
1437 2274 1694 2324 MLXXXV,

123 2322 372 2368 indictione
392 2324 507 2380 Vlll,
540 2327 593 2368 V⁶
616 2343 759 2374 nonas
781 2333 904 2375 maii.

184 2395 350 2440 Actum
365 2397 429 2454 (6)
447 2412 530 2455 per
549 2413 738 2445 manum
760 2404 1068 2462 Stephani(7).
1097 2410 1253 2455 Petrus
1273 2414 1477 2469 signavit.
1505 2419 1693 2475 Signum

57 2479 66 2493 ··
123 2465 364 2518 Dalmacii3
414 2469 605 2532 Signum
634 2473 901 2520 Raimundi:
952 2479 1139 2534 Signum
1182 2484 1329 2527 l'oncii
1359 2488 1414 2530 de
1444 2489 1675 2534 Montlaur

116 2586 122 2589 ’
170 2606 224 2650 (1)
250 2606 376 2644 Cam:
404 2609 466 2646 Ut.

171 2664 222 2712 ‹2›
248 2666 375 2704 Cart.:
397 2677 448 2704 est
465 2668 550 2706 hoc.

169 2724 223 2773 (3)
249 2725 377 2764 Cam:
400 2730 562 2776 reperit.

173 2783 223 2832 (4)
250 2785 379 2824 Cart.:
401 2789 585 2826 multam.

171 2844 225 2889 (5)
251 2845 378 2884 Cart.:
401 2848 622 2895 Cotafredi.

170 2902 225 2947 ‹6›
251 2905 378 2944 Cart-z
401 2910 535 2945 actum
557 2912 667 2946 tuam
687 2921 773 2956 per.

170 2963 221 3013 (7)
248 2965 375 3004 Cart.:
400 2969 612 3015 Depueani.
639 2969 752 3006 Nous
773 2978 1050 3020 cmprnntons
1070 2976 1104 3012 le·
1128 2989 1222 3014 noni
1247 2982 1269 3014 εἰ
1291 2982 1474 3019 Arnand.
