2100 3583
811 306 1076 348 —129—

164 389 462 444 proponebat,
493 388 613 443 quod
642 387 778 430 iidem
802 388 865 441 (1)
895 389 1058 431 milites
1080 390 1121 431 in
1153 403 1336 432 nemore
1358 390 1412 431 de
1433 388 1592 444 Gijano
1613 390 1732 444 quod

161 460 220 502 ab
239 460 399 502 eodem
419 459 632 514 episcopo
653 459 960 514 Magalonensi
989 474 1066 515 per
1095 460 1279 502 feudum
1308 461 1538 507 obtinent,
1567 460 1639 515 jus
1666 474 1736 502 ce—

162 531 298 573 dendi
315 530 453 581 ilices,
472 529 674 572 faciende
692 529 839 577 calcis,
863 534 905 572 et
926 531 1225 574 instrumenta
1240 532 1400 574 aratris
1422 532 1556 573 boum
1582 546 1734 573 ncces-

163 601 280 644 saria
318 600 557 656 colligendi
596 601 857 656 episcopum
900 602 1065 644 habere
1106 603 1370 644 omnimodo
1411 603 1729 658 prohibebant.

161 672 209 715 In
237 675 384 715 castro
406 675 608 727 preterea
628 673 682 714 de
704 672 864 727 Gijano
893 673 1051 727 prefati
1083 674 1246 715 milites
1268 675 1324 716 ab
1348 674 1609 716 hominibus
1638 674 1732 715 suis

160 743 207 785 in
248 756 386 785 manu
425 742 565 798 bajuli
602 743 671 784 sui
707 743 962 785 firmantias
1006 744 1101 786 fieri
1143 745 1485 786 interdicebant.
1528 745 1732 800 Conque-

159 815 346 858 rebatur
370 813 506 856 etiam
542 814 803 869 episcopus.
842 816 985 869 qnod,
1021 816 1151 871 juxta
1185 816 1487 871 episcopalem
1518 818 1729 861 domum.

159 885 339 928 fumum
360 888 405 928 et
423 888 618 927 stercora
647 886 781 927 iidem
806 885 870 939 (2)
902 886 1067 928 milites
1089 889 1405 941 congerebant,
1432 888 1551 929 unde
1574 888 1732 929 eadem

159 957 326 1000 domus
346 956 480 1012 longe
506 956 703 999 deterior
728 956 1026 999 efficiebatur.
1044 994 1049 998 .
1068 992 1074 998 .

218 1026 593 1084 Conquerebatur
612 1040 635 1069 e
662 1028 887 1070 contrario
917 1028 1199 1070 Raimundus
1224 1031 1278 1071 de
1309 1030 1514 1072 (Iastriis.
1552 1030 1733 1071 nomine

160 1098 319 1142 uxoris
340 1112 445 1151 sue,
471 1099 693 1141 adversus
713 1099 976 1154 episcopum
999 1101 1144 1155 quod,
1171 1100 1285 1142 infra
1314 1104 1488 1156 portani
1514 1101 1729 1157 episcopi,

160 1169 370 1213 videlicet
385 1173 490 1213 ante
509 1169 743 1218 solarium,
765 1171 904 1213 locale
926 1171 1160 1227 cujusdam
1185 1172 1363 1214 domus.
1389 1186 1524 1227 qnam
1550 1173 1732 1214 nomine

160 1241 304 1284 soceri
323 1241 394 1284 sui
413 1254 440 1284 a
463 1241 628 1284 feudali
643 1255 725 1284 suo
739 1242 1005 1298 aliquandiu
1024 1256 1282 1298 possessam
1298 1243 1360 1293 ‹3›
1380 1243 1516 1285 fuisse
1537 1243 1728 1291 dicebat,

159 1312 402 1370 episcopus
430 1312 527 1356 sine
548 1326 686 1356 causa
705 1314 941 1356 detineret.

218 1383 333 1428 Cum
358 1387 513 1427 autem
540 1384 840 1441 hujusmundi
870 1386 1197 1429 controversie.
1224 1387 1308 1428 sub
1337 1387 1495 1428 eodem
1519 1387 1732 1442 episeopo

157 1454 326 1512 judice,
364 1457 716 1517 consedentibus
749 1457 849 1499 aliis
881 1471 982 1499 cum
1017 1471 1070 1500 eo
1114 1458 1394 1513 sapientibus
1426 1458 1553 1509 viris,
1591 1458 1731 1513 agita-

103 1586 106 1588 *
159 1529 330 1575 rentur,
362 1530 407 1570 et
431 1527 487 1570 lis
514 1527 559 1570 in
585 1527 816 1570 infinitum
845 1530 1181 1571 extenderetur.
1219 1532 1261 1571 et
1290 1529 1562 1584 litigantium
1596 1543 1729 1571 nemo

157 1598 380 1642 contrarie
406 1599 549 1655 partis
575 1599 859 1642 confessione
890 1600 957 1642 vel
987 1600 1229 1643 sufficienti
1255 1601 1451 1642 testium.
1478 1616 1557 1642 seu
1586 1601 1726 1643 eciam

157 1667 725 1725 plenainstrumentorum
762 1671 1051 1726 probatione.
1089 1672 1317 1727 petitionis
1363 1687 1442 1713 sue
1483 1687 1726 1727 conseque-

159 1742 282 1783 retur
299 1740 536 1790 effectum‚
569 1743 654 1784 sub
689 1756 802 1798 pene
837 1743 1140 1798 stipulationis
1172 1744 1296 1785 electi
1322 1758 1480 1785 sumus
1502 1745 1630 1799 qnasi
1659 1759 1727 1785 ar-

156 1811 283 1862 bitri,
314 1826 398 1868 ego
426 1812 674 1856 Arnaldus.
705 1815 1071 1857 archidiaconus.
1107 1818 1147 1857 et
1192 1814 1378 1872 l‘[etrus]
1411 1817 1465 1856 «le
1504 1816 1729 1857 (jenteirn-

156 1883 286 1933 nicis‚
304 1886 350 1928 et
363 1898 447 1940 ego
461 1883 765 1943 G[uillelmus]
787 1887 970 1942 Ayradi.
992 1890 1033 1928 et
1051 1900 1134 1940 ego
1153 1887 1336 1929 Pontius
1356 1888 1410 1929 de
1428 1887 1723 1929 Menti—lauro.

157 1957 208 1998 ut
222 1954 450 1998 amicabili
471 1958 603 2012 pacto
619 1957 936 1999 transactionis
954 1957 1006 1999 lis
1028 1971 1106 2013 per
1126 1971 1205 1998 nos
1221 1958 1440 2013 acciperet
1465 1958 1724 1999 terminum.

213 2024 560 2083 Quapropter...
591 2027 646 2070 de
684 2027 754 2070 his
789 2028 904 2070 inter
942 2042 1023 2070 nos
1060 2028 1384 2070 convenimus.
1418 2033 1637 2083 ponentes
1680 2033 1726 2070 ut

155 2097 321 2140 exinde
341 2097 582 2154 episcopus
602 2098 867 2154 petitionem
892 2113 1037 2142 suam.
1063 2113 1200 2155 quam
1228 2101 1282 2142 de
1304 2114 1485 2141 nemore
1506 2101 1726 2142 adversus

153 2167 355 2224 prefatos
389 2167 556 2211 milites
594 2169 875 2221 instituerat,
915 2170 975 2212 ita
1015 2171 1215 2212 obtineat
1256 2173 1303 2212 ut
1349 2170 1555 2212 videlicet
1593 2171 1631 2212 ei
1670 2172 1724 2213 ‹le

153 2242 302 2282 cetero
328 2242 375 2282 et
399 2241 736 2283 successoribus
766 2241 876 2289 suis,
909 2241 951 2283 iu
976 2241 1148 2297 prefato
1182 2255 1363 2284 nemore
1391 2243 1446 2283 de
1467 2242 1644 2297 Gijauo.
1668 2244 1722 2284 ml

95 2335 102 2341 ν
154 2323 271 2367 opus
292 2310 497 2368 eiusdem
519 2312 652 2354 castri
674 2317 731 2355 'ex
759 2313 882 2355 omni
916 2313 1034 2368 ligno
1062 2313 1273 2356 nemoris.
1306 2314 1506 2368 exceptis
1529 2313 1720 2356 ilicibus.

153 2381 287 2425 liceat
310 2381 479 2426 calcem
506 2379 668 2431 facere,
700 2384 837 2439 ligna,
870 2389 1092 2440 quantum
1121 2386 1176 2426 ad
1211 2398 1325 2440 opus
1362 2385 1526 2426 domus
1554 2399 1633 2426 sue
1669 2386 1723 2427 «le

153 2452 314 2509 Gijano
345 2453 393 2496 in
422 2467 558 2497 usum
588 2455 816 2497 cremandi
850 2455 1067 2498 sufficiat.
1094 2456 1278 2498 cedere:
1316 2455 1517 2510 quandiu
1547 2469 1654 2498 vero
1682 2459 1723 2497 et

152 2523 240 2581 ipsi
260 2524 428 2568 milites
448 2538 476 2568 a
501 2526 713 2569 cedendis
731 2527 793 2581 (4)
817 2527 992 2569 ilicibus
1015 2541 1061 2569 se
1082 2526 1398 2569 abstinuerint.
1426 2530 1467 2567 et
1491 2527 1585 2581 ipse
1608 2527 1722 2582 epis-

152 2609 294 2654 copus
322 2609 371 2639 se
396 2596 638 2640 abstineat.
670 2598 974 2641 Instrumenta
1008 2612 1114 2640 vero
1152 2598 1312 2640 aratris
1352 2598 1624 2643 necessaria.
1664 2599 1719 2640 ad

199 2798 250 2845 (1)
277 2799 404 2837 Carta
429 2799 547 2836 idem.

195 2857 250 2904 12)
277 2858 406 2896 Cart.:
429 2859 548 2896 idem.

198 2916 248 2965 (3)
278 2918 406 2955 Cart.:
431 2929 646 2964 pocessam.

198 2975 248 3024 (ί)
277 2977 405 3014 Cart.:
428 2977 676 3014 ‹zi-cedendis.
