2164 3551
1059 351 1111 355 ,-
1145 323 1201 365 34
1235 347 1289 352 ,-

392 423 484 464 vita
506 432 622 467 mea,
655 417 805 472 preter
839 410 1126 455 cabinansos,
1169 409 1213 448 et
1244 401 1491 456 ferragines
1525 400 1569 440 et
1606 397 1758 440 ortos;
1790 392 1849 437 et,
1885 400 1959 430 me

396 495 587 538 mortuo,
622 489 754 530 erunt
774 482 973 526 alodium
998 478 1152 521 Sancti
1174 473 1540 529 Petri,pcrpetuo
1562 462 1852 522 possidenda,
1878 471 1961 501 nec

395 567 550 619 potero
577 560 715 601 istum
751 556 986 600 honorem,
1020 562 1101 591 nec
1131 546 1303 602 aliquid
1329 544 1386 586 ad
1408 543 1545 583 istum
1579 539 1799 579 honorem
1825 529 1962 586 perti-

396 647 523 680 nens,
548 628 695 676 uxori,
713 626 785 668 vel
808 624 916 671 filio,
942 621 1013 663 vel
1043 620 1148 667 filie,
1185 619 1264 660 aut
1283 613 1413 658 alicui
1433 622 1640 668 persone,
1673 607 1856 650 donare,
1881 613 1965 643 nec

397 704 608 748 vendere,
640 699 712 741 vel
739 696 1058 751 impignorare.

456 776 509 817 Et
529 771 744 828 quoniam
772 763 1029 809 consobrini
1050 761 1140 803 mei
1161 755 1407 814 supradicti
1428 753 1532 796 huic
1552 745 1792 794 donacioni
1810 756 1965 787 assen-

399 860 500 890 sum
528 843 764 887 dederunt,
791 841 835 880 et
861 838 1030 878 cartam
1059 833 1162 874 inde
1198 828 1297 871 fieri
1326 822 1674 869 mandaverunt,
1708 815 1968 859 habuerunt

397 919 504 961 inde
544 925 749 963 averum,
779 907 1013 952 Gibelinus
1038 904 1076 945 V
1114 901 1297 947 solidos,
1330 900 1375 940 et
1394 893 1650 938 Bernardus
1672 890 1711 931 X
1737 885 1962 933 denarios,

400 993 443 1032 et
469 984 751 1030 Raimundus
771 982 810 1022 X
832 976 1057 1027 denarios,
1095 976 1139 1016 et
1169 969 1437 1014 Guillelmus
1464 966 1503 1007 X
1533 961 1759 1008 denarios,
1797 960 1842 1000 et
1864 956 1971 998 Ber-

402 1064 592 1103 trannus
609 1056 648 1097 X
665 1051 889 1097 denarios,
904 1051 948 1091 et
958 1043 1257 1099 Berengarius
1275 1041 1330 1083 III
1343 1037 1569 1084 denarios,
1585 1036 1630 1077 et
1646 1033 1904 1085 Rostagnus
1914 1026 1971 1069 III

404 1128 628 1174 denarios.
651 1152 701 1156 -
722 1124 912 1178 Signum
934 1117 1087 1161 Poncii
1112 1113 1314 1158 Jordaui.

460 1202 595 1243 Facta
609 1200 678 1240 est
698 1197 779 1238 hec
791 1195 912 1236 carta
929 1202 1047 1233 anno
1057 1185 1287 1230 Dominice
1303 1177 1628 1224 Incarnationis
1644 1171 1887 1217 millesimo
1900 1168 1966 1216 GL

403 1272 517 1315 VIIII
544 1268 761 1312 kalendas
787 1263 914 1321 junii,
940 1260 1051 1303 feria
1080 1259 1129 1300 V.
1161 1257 1269 1298 luna
1294 1254 1388 1300 XV.
1429 1252 1550 1305 Papa
1576 1244 1749 1289 Pascali
1769 1244 1971 1286 Romane

404 1342 596 1386 Ecclesie
641 1337 897 1395 presidente
918 1368 925 1381 ,
977 1335 1021 1373 et
1077 1327 1319 1372 Gotafredo
1368 1323 1605 1378 episcopo,
1660 1311 1974 1371 Magalonensi

404 1412 597 1458 Ecclesie
617 1408 889 1466 presidente.
914 1429 971 1434 -—
997 1400 1218 1444 Martinus
1240 1395 1418 1451 Sci-ipit.

836 1543 916 1581 Reg.
938 1540 980 1576 E,
1010 1538 1069 1569 fol.
1095 1537 1134 1567 44
1147 1542 1204 1572 v⁰;
1243 1533 1335 1564 edite
1362 1539 1426 1571 par
1452 1526 1637 1560 Germain.
1663 1520 1807 1555 Arnaud
1834 1519 1875 1551 de

875 1591 1022 1629 Verdale,
1044 1601 1076 1631 p.
1103 1589 1187 1629 185).

1065 1730 1324 1739 ,„-—.—.-—-

908 1915 1036 1952 XXII.
1066 1934 1109 1938 ——
1137 1907 1365 1948 Decembre
1395 1905 1485 1942 1103

768 2059 928 2096 Vente
953 2057 1041 2093 des
1065 2052 1276 2089 moulins
1301 2049 1361 2085 de
1392 2044 1638 2083 Semalen.

559 2208 690 2249 Anno
708 2198 1033 2245 lncarnationis
1055 2203 1117 2238 m⁰
1145 2194 1250 2236 (ΙΙΙΙο
1280 2203 1435 2233 mense
1462 2183 1731 2232 decembris,
1757 2182 1816 2225 sit
1841 2176 1988 2223 omni-

420 2281 558 2322 bus...
584 2280 742 2320 notum
771 2273 892 2329 quod
914 2284 996 2324 ego
1025 2268 1193 2310 Rixens
1222 2267 1265 2306 et
1292 2275 1374 2315 ogo
1403 2258 1594 2301 Poncius
1630 2256 1769 2298 Berra
1798 2250 1990 2294 maritus

420 2352 532 2408 ejus,
564 2363 646 2391 nos
674 2347 809 2388 ambo
836 2340 1022 2385 consilio
1049 2341 1093 2379 et
1129 2336 1360 2377 voluntate
1401 2329 1540 2372 Mario
1567 2324 1804 2369 Baronella
1830 2321 1989 2366 matris

423 2436 519 2465 mce
536 2418 767 2465 Rixcndis,
788 2417 831 2457 ct
853 2411 969 2455 Petri
987 2411 1072 2452 Bar
1092 2406 1241 2450 fratris
1264 2403 1366 2451 mei,
1387 2403 1507 2443 bona
1529 2399 1673 2441 fide...
1690 2394 1988 2438 vendimus...

423 2495 503 2538 tibi
528 2489 768 2535 Guillelmo
789 2488 843 2529 de
865 2482 1087 2526 Corbiano
1110 2481 1152 2521 et
1171 2475 1301 2519 uxori
1324 2477 1454 2516 tue...
1480 2471 1535 2514 ad
1558 2481 1717 2512 omnes
1733 2465 1993 2509 voluntates

423 2568 651 2608 vestras...
697 2556 1004 2602 alienamlum.
1042 2548 1244 2604 exceptis
1281 2544 1448 2589 sanctis
1483 2540 1655 2585 clericis
1682 2541 1727 2582 et
1753 2536 1991 2582 militibus,

423 2650 525 2681 cum
547 2632 734 2677 consilio
763 2633 911 2672 tamen
941 2623 1229 2666 dominorum
1252 2619 1307 2660 nd
1337 2629 1452 2672 quos
1480 2612 1688 2669 pertinet,
1721 2609 1889 2653 scilicet
1910 2609 1996 2649 ter-

425 2709 539 2751 ciam
567 2707 740 2761 partem
772 2695 1025 2742 medietatis
1047 2693 1181 2735 unius
1209 2690 1352 2733 tocius
1384 2683 1687 2729 molendini...
1719 2680 1797 2738 qui
1824 2678 1998 2737 predic-

426 2783 497 2822 tus
525 2773 812 2819 molendinus
830 2769 960 2812 estin
985 2765 1171 2807 flumine
1190 2761 1302 2808 Lcsi.
1324 2760 1367 2801 in
1390 2757 1556 2813 riperia
1576 2756 1630 2798 de
1654 2752 1915 2797 Samalencs
1931 2749 1996 2805 (1)

425 2854 470 2894 et
491 2852 560 2892 est
581 2845 770 2902 ripcrius
799 2844 842 2884 et
869 2841 1055 2881 vocatur
1082 2832 1251 2876 Visval.

438 2940 954 2958 f—

474 3001 524 3042 (l)
553 2995 743 3033 Semalon
770 3005 776 3028 :
802 2989 958 3027 moulin
982 2996 1054 3022 sur
1070 2983 1103 3019 lc
1128 2984 1213 3024 Lez,
1237 2988 1459 3015 commune
1481 2977 1529 3013 dc
1552 2972 1830 3021 Montpellier.
