2100 3583
822 349 876 354 —
911 324 996 367 :283
1030 351 1084 357 —

165 405 318 449 comiti
346 405 592 453 Tolosano,
621 404 787 460 jurent,
818 409 862 448 et
889 408 973 449 nisi
996 409 1053 450 ab
1075 409 1200 464 ipsis.
1226 409 1297 452 vel
1324 423 1351 451 a
1382 410 1546 465 quovis
1579 421 1737 452 eorum

166 476 237 519 vel
259 477 318 519 ab
339 476 583 518 heredibus
606 476 676 518 vel
704 489 730 518 a
758 479 1110 522 successoribus.
1146 480 1216 521 vel
1252 480 1410 535 legatis
1436 481 1531 522 sive
1562 480 1738 522 nunciis

165 561 323 590 eorum
341 547 556 590 comoniti
583 547 760 595 tuerint,
797 550 998 591 reddere.
1030 551 1156 592 salvo
1179 551 1499 593 nichilominus
1523 555 1734 593 manento

161 618 269 676 jure
284 618 420 662 feudi.
441 619 785 674 compellantur.
808 634 887 661 nec
910 635 956 662 se
979 635 1005 662 a
1026 623 1335 664 eomonieisme
1356 623 1509 678 aliquo
1534 626 1736 678 tempore

164 689 474 732 fraudulenter
515 689 800 731 subtrahant.
864 692 1069 733 l'reterea
1124 693 1225 734 huic
1272 693 1355 744 legi
1392 694 1536 735 adicio
1578 697 1623 735 ut
1658 707 1738 748 per

161 761 429 804 continuum
458 761 840 816 quinquennium.
867 776 893 803 a
935 763 1142 817 proximo
1182 765 1348 806 l’ascha
1382 765 1734 807 numerandum.

161 831 465 876 communiter
499 831 763 874 comitatum
807 834 1003 875 habeant
1045 838 1087 876 et
1129 836 1604 889 ps›.-·si=leant(1):nee
1633 839 1738 878 ante

159 906 372 946 exactum
391 903 754 959 quinquennium
772 917 797 945 a
816 906 1136 947 communione
1155 907 1306 961 aliqua
1326 907 1494 948 ratione
1508 908 1733 949 recedant.

162 976 208 1018 et
226 970 446 1031 expensa,
464 974 551 1017 nisi
574 975 841 1030 expedierit.
866 975 1153 1031 judiciorum.
1168 981 1207 1018 et
1231 991 1417 1029 guerras
1436 979 1739 1020 communiter

161 1044 357 1095 faciant:
394 1048 440 1089 et
475 1046 629 1088 omnia
656 1050 903 1101 augmenta
930 1051 974 1090 et
1001 1061 1160 1090 omnes
1187 1050 1511 1104 acquisitiones
1532 1064 1662 1105 quas,
1693 1050 1735 1091 in

161 1116 379 1161 comitatu
406 1117 626 1172 Melgorii,
656 1119 723 1160 vel
747 1132 899 1162 comes
919 1119 1079 1161 Tolose
1114 1121 1180 1161 vel
1214 1122 1370 1162 l’etrus
1400 1122 1640 1163 Bermundi
1667 1122 1734 1164 vel

160 1187 358 1238 invicem
383 1188 587 1237 fecerint,
611 1189 682 1231 vel
704 1191 896 1232 durante
918 1192 1271 1234 eommsmitione
1296 1193 1363 1234 vel
1385 1206 1437 1235 ea
1467 1193 1593 1234 linita
1624 1193 1737 1235 fece—

162 1259 267 1309 rint,
287 1263 508 1316 perpetuo
523 1261 857 1304 communicare
878 1265 920 1303 et
944 1262 1146 1305 dividere
1174 1267 1414 1306 teneantur
1434 1264 1529 1319 lege
1553 1264 1736 1306 nichilo-

162 1331 315 1375 minus
333 1332 642 1388 suprascripta
659 1335 706 1374 et
726 1333 772 1374 in
794 1333 1171 1389 acquisitionibus
1190 1336 1410 1376 bonorum
1431 1337 1732 1378 observanda.

161 1406 213 1446 ut
224 1403 380 1446 omnia
390 1402 487 1446 filia
500 1407 657 1446 nostra
669 1405 976 1460 suprascripta
994 1408 1037 1447 et.
1057 1406 1212 1448 l'etvus
1232 1407 1530 1449 Bet-mundus.
1547 1407 1737 1449 maritus

159 1473 322 1531 ipsius,
343 1488 433 1531 que
451 1476 510 1518 ad
531 1475 655 1531 ipsos
677 1489 735 1518 ex
755 1476 1061 1531 adquisitione
1077 1477 1138 1526 (2)
1163 1479 1435 1532 pervenerit.
1460 1478 1584 1521 feudi
1606 1479 1736 1521 titulo

159 1558 188 1589 a
206 1545 516 1602 suprascripta
543 1549 678 1602 nepte
706 1560 808 1590 mea
835 1550 879 1589 et
908 1549 1070 1590 marito
1100 1549 1241 1604 ipsius
1272 1550 1539 1593 ltaimundo.
1571 1550 1735 1592 comite

160 1616 400 1668 TolosanQ
428 1618 629 1660 habeant
655 1621 699 1660 et
726 1619 1006 1674 possideant.

220 1689 430 1733 Preterea
442 1690 588 1733 adicio
604 1691 862 1746 specialiter
876 1691 961 1745 legi
979 1693 1237 1734 donationis
1258 1696 1318 1735 ut.
1342 1693 1557 1735 alterutra
1577 1707 1734 1749 supra·

159 1760 431 1818 scriptarum
466 1761 563 1809 sine
597 1762 753 1804 sobole
783 1763 1018 1806 moriente.
1052 1767 1195 1805 totum
1218 1766 1338 1819 qumi
1362 1766 1416 1806 «le
1438 1765 1654 1807 comitatu
1677 1767 1731 1807 ad

158 1831 307 1888 ipsam
338 1833 612 1889 pervenerit.
651 1835 709 1876 ad
747 1834 1038 1890 superstitem
1063 1835 1131 1877 vel
1155 1837 1209 1876 aael
1234 1836 1436 1877 sobolem
1466 1836 1564 1892 ejus
1587 1850 1735 1878 rever-

159 1905 296 1947 tatur.
327 1903 547 1947 Similiter
573 1905 610 1947 si
640 1904 856 1948 alterutra
890 1906 1324 1961 suprascriptarum.
1372 1907 1523 1949 relicta
1558 1908 1728 1950 sobole.

158 1975 424 2028 decesserit,
472 1978 518 2018 et
557 1975 761 2019 sobolem
806 1980 962 2032 postea
1008 1977 1104 2019 sine
1145 1978 1299 2019 sobole
1336 1979 1447 2019 mori
1477 1979 1728 2034 contigerit.

158 2046 312 2103 porcio
331 2047 567 2090 morientis
587 2048 644 2090 ad
664 2048 956 2104 superstitem
974 2049 1042 2091 vel
1065 2049 1267 2091 sobolem
1288 2050 1384 2104 ojus
1404 2053 1669 2092 revertatur.

218 2118 577 2175 verumptamen
599 2119 686 2174 legi
715 2119 850 2175 hujus
877 2121 1135 2162 donationis
1158 2121 1410 2175 specialiter
1431 2122 1590 2163 adicio.
1621 2125 1669 2163 ut
1695 2122 1730 2163 si

157 2191 343 2246 neptem
370 2203 521 2233 meam
541 2191 638 2234 sine
660 2191 831 2234 sobole.
859 2191 927 2233 vel
953 2192 1155 2234 sobolem
1179 2192 1277 2247 ejus
1308 2194 1599 2247 postmodum
1636 2194 1731 2235 sine

158 2260 330 2311 sobole,
362 2261 457 2305 filia
483 2275 586 2304 mea
614 2262 922 2305 Ermensenda
951 2263 1019 2305 vel
1051 2263 1204 2305 sobole
1243 2264 1280 2306 ei
1320 2264 1590 2319 superstite.
1618 2265 1731 2307 mori

155 2332 452 2389 contingeret,
476 2335 622 2376 totum
644 2334 827 2389 quidem
852 2335 1117 2377 comitatum
1139 2336 1195 2377 ad
1218 2335 1357 2376 liliam
1379 2349 1526 2377 meam
1551 2336 1733 2378 Ermen-

156 2404 348 2447 sendum
373 2404 446 2447 vel
479 2405 685 2448 sobolem
718 2406 815 2462 ejus
844 2405 887 2447 in
924 2406 1042 2447 1111111·
1070 2406 1288 2448 ‹sas-musi
1317 2406 1611 2461 contingerit,'
1636 2422 1734 2463 per-

158 2474 313 2518 venire
330 2510 340 2525 ,
381 2475 648 2519 comitatum
682 2479 853 2519 totum.
894 2491 972 2533 per
1019 2490 1180 2519 manus
1225 2478 1402 2519 coinitis
1448 2478 1630 2525 Tolose,
1673 2480 1729 2521 ad

154 2544 362 2596 feudum,
387 2547 473 2590 sub
492 2547 590 2603 lege
612 2548 821 2604 superius
842 2549 1022 2603 scripta.
1051 2549 1234 2591 habebit
1257 2552 1298 2590 et
1326 2549 1591 2604 possidebit.

215 2618 425 2662 Preterea
450 2619 629 2675 excipio
652 2619 785 2662 michi
811 2623 856 2662 et
886 2620 1070 2662 retineo.
1103 2621 1322 2675 quamdiu
1347 2621 1518 2667 vixero,
1562 2622 1604 2663 in
1633 2622 1730 2677 ipsa

86 2695 92 2699 '
157 2691 342 2733 moneta
371 2689 606 2746 Melgorii,
648 2691 837 2747 singulis
864 2691 1019 2734 annis.
1057 2692 1112 2733 sle
1149 2691 1306 2747 primis
1340 2692 1538 2734 denariis
1560 2693 1636 2749 qui
1674 2694 1729 2735 tle

154 2763 342 2805 moneta
358 2761 668 2818 provenerint,
699 2762 785 2805 tria
808 2763 930 2805 milia
949 2763 1213 2805 solidorum.
1240 2763 1297 2804 ita
1327 2767 1390 2815 ut,
1416 2764 1522 2806 side
1547 2768 1729 2807 moneta

204 2941 255 2990 (1)
282 2941 410 2980 Cart.:
432 2941 653 2988 posideum.

204 3000 255 3049 (2)
283 3001 410 3039 Cart-z
433 3000 640 3049 adqui-titi.
