2100 3583
777 317 830 322 —-
866 290 950 333 1:35
985 316 1038 320 ——

127 380 422 421 sacramento,
445 376 480 418 si
505 375 620 417 infra
638 376 711 416 XL
732 375 844 423 dies,
869 374 1034 429 quibus
1058 387 1135 428 per
1158 386 1254 419 nos,
1280 370 1349 413 vel
1375 384 1454 426 per
1477 369 1693 411 nuncium

128 453 331 492 nostrum
360 447 664 490 commonitus
687 446 789 487 inde
815 445 966 487 snei-is.
995 458 1081 485 non
1111 442 1441 485 emendaveris.

185 521 319 563 Facta
346 522 452 561 sunt
479 518 558 559 hec
585 518 704 573 apud
741 516 932 558 Molinas
952 551 959 560 .
981 507 1082 557 sul)
1117 514 1343 570 presentia
1383 512 1596 555 Bernardi
1641 512 1695 553 de

128 592 314 634 Piniano
337 589 420 639 (les
448 589 637 630 temones
664 594 765 629 sont
794 586 856 628 les
885 587 1046 627 memes
1069 601 1154 642 (sice
1174 585 1288 626 dans
1309 585 1438 627 [aete
1457 582 1697 641 precedent

121 661 316 720 jusqu'iz
337 677 349 703 .·
380 662 557 703 Andrec
579 659 754 706 Medici,
782 658 968 700 Duranti
997 658 1073 713 qui
1104 658 1182 699 lwe
1206 656 1414 712 scripsit).

520 772 617 811 (neg.
641 772 675 806 C.
699 770 757 801 fol.
778 770 817 799 Ἀἱ
837 774 885 803 r‘';
913 770 1005 800 s=dit==
1026 770 1114 799 dans
1137 768 1326 799 (kartulm're
1346 767 1402 799 des
1423 766 1593 801 Gui'llems,

563 835 596 865 p.
623 825 704 863 1¹12).

743 1147 901 1183 Lxxv.
932 1168 974 1172 —
1006 1147 1094 1182 1147

180 1308 460 1345 Guillaume
486 1309 547 1345 de
574 1308 847 1354 Garrigues
874 1308 1036 1344 donne
1056 1308 1086 1343 ὲ,
1107 1318 1197 1343 son
1216 1307 1293 1343 fils
1318 1308 1391 1343 les
1416 1306 1571 1343 elimes
1592 1317 1655 1344 ou

311 1378 494 1415 usages
513 1369 626 1414 qu’il
646 1379 677 1404 a
696 1368 821 1404 dans
840 1368 888 1403 la
908 1369 1134 1414 paroisse
1154 1368 1214 1403 de
1235 1367 1524 1414 Garrigues.

193 1519 360 1563 Notum
388 1519 446 1562 sit
478 1519 746 1562 omnibus...
778 1519 898 1574 quod
937 1532 1044 1573 ego,
1078 1518 1337 1560 Willelmus
1365 1519 1418 1559 de
1455 1517 1701 1569 Guarricis,

135 1591 263 1635 solvo
284 1604 385 1634 cum
415 1591 499 1634 hac
524 1594 660 1639 carta,
698 1594 741 1634 et
769 1591 898 1633 titulo
927 1590 1123 1646 perfecte
1155 1590 1418 1632 donacionis
1449 1590 1575 1632 trado
1608 1588 1700 1630 [ibi.

82 1691 85 1694 »
137 1664 381 1706 Bertranno
410 1664 466 1706 dc
497 1663 712 1711 Garricis‚
747 1662 838 1705 filio
868 1676 984 1706 mco.
1016 1664 1071 1704 ad
1108 1662 1336 1704 faciendas
1364 1675 1523 1703 ‹tnnnes
1545 1661 1707 1702 volun-

137 1737 252 1778 tates
285 1737 408 1784 tuas,
449 1737 515 1783 et,
558 1737 687 1777 extra
726 1737 900 1790 partem
940 1734 1144 1775 omnium
1193 1733 1379 1775 fratrum
1409 1736 1604 1774 “tuorum
1633 1731 1705 1772 vol

137 1819 370 1859 sororum,
400 1806 664 1862 precipuum
695 1807 862 1848 habeas
890 1806 1101 1861 quicquid
1140 1806 1182 1846 in
1216 1805 1402 1847 decimis
1432 1805 1500 1846 vel
1531 1804 1573 1845 in
1608 1817 1708 1845 usa-

140 1878 236 1922 [icis
262 1878 504 1921 domorum
533 1876 606 1936 [et]
641 1878 846 1920 cimiterii
871 1877 1055 1920 ecclesie
1086 1877 1237 1919 Sancti
1261 1876 1415 1919 Severi
1437 1877 1491 1918 de
1515 1875 1709 1917 Garricis

138 1951 227 1993 huc
253 1963 398 2005 usquc
426 1949 587 2002 habui,
627 1963 706 1992 seu
735 1950 935 2005 qualibet
969 1949 1202 1991 occasione
1239 1949 1404 1990 habere
1424 1947 1599 2003 ·polui.
1633 1961 1711 1989 ex-

139 2021 280 2077 ceptis
308 2021 491 2063 usaticis
518 2022 574 2064 de
597 2022 761 2063 nostris
790 2021 982 2077 propriis
1011 2020 1290 2062 hominibus.

199 2093 290 2148 Ego
316 2092 469 2149 itaque
496 2093 788 2140 Bertrannus,
817 2092 936 2134 filius
959 2092 1202 2147 supradicti
1221 2091 1430 2134 Villelmi.
1451 2104 1531 2146 per
1553 2104 1712 2145 supra-

139 2164 306 2207 dictam
350 2164 647 2207 donacionem
690 2164 940 2220 plenariam
984 2167 1254 2219 potestatem
1300 2176 1483 2205 omnem
1527 2165 1709 2204 secutus

139 2228 584 2292 faciendi'quicquid
621 2236 829 2289 voluero,
880 2236 1123 2291 predictam
1166 2235 1388 2277 decimani
1436 2237 1480 2275 et
1514 2234 1710 2276 usalicos

141 2307 269 2350 solvo
299 2321 380 2363 per
414 2307 554 2350 fidem
593 2310 637 2350 et
677 2307 774 2350 sine
812 2321 1019 2363 enganno
1056 2320 1157 2349 cuni
1195 2307 1275 2348 liae
1311 2309 1459 2357 carta,
1499 2308 1543 2347 et
1583 2306 1710 2347 trado

141 2378 335 2422 Domino
362 2379 453 2422 Deo
484 2382 528 2422 et
554 2380 701 2422 eidem
737 2379 919 2422 ecclesie
951 2378 1101 2421 >lancti
1137 2378 1291 2419 Sevi-ri
1325 2378 1378 2419 de
1415 2376 1642 2419 Guarricis
1670 2379 1712 2417 et
1761 2387 1763 2389 ·

142 2450 302 2493 clerico
324 2451 387 2506 (1)
416 2451 622 2507 ejusdem
646 2451 846 2493 ecclesie.

201 2521 294 2578 Ego
316 2536 424 2565 vero
444 2522 742 2571 Immundus,
767 2522 1102 2577 Magalonensis
1122 2521 1377 2577 episi-opus,
1403 2534 1505 2561 cuni
1527 2519 1714 2561 consilio

143 2593 278 2643 Petri,
305 2594 467 2650 prioris
492 2594 936 2650 etarcl1ip1·esbit‹.·ri‚
968 2594 1386 2636 archidiaconoruin
1416 2605 1596 2647 quoque
1625 2592 1716 2632 Ma-

143 2665 445 2720 galonensiun
473 2666 730 2713 Gaucelini,
763 2665 964 2708 Arnaudi
997 2669 1041 2707 ct
1070 2665 1244 2711 l'oncii,
1277 2664 1367 2719 jain
1397 2663 1512 2704 dicte
1542 2662 1714 2704 decime

146 2750 282 2780 usum
320 2736 545 2780 fructuum
580 2737 660 2780 tibi
691 2738 948 2793 supradicto
977 2737 1224 2779 Berlranno
1252 2735 1470 2779 esini-cdo.
1497 2734 1715 2789 quamdiu

194 2963 245 3010 (1)
273 2964 401 3001 Cart.:
425 2964 635 3001 clericum.

271 3034 359 3068 Care.
381 3034 422 3068 de
441 3035 533 3079 May.
555 3054 594 3060 -
621 3037 656 3067 T.
685 3036 699 3067 1
1567 3032 1602 3063 12
